2964 4814
236 209 297 271 150

298 365 435 441 lactavit
456 365 542 428 fusas
566 374 596 424 ct
619 372 713 443 caput
737 371 806 422 ante
832 379 948 423 couras.

236 469 398 552 Quidquid
420 467 606 538 Amalthea,
632 462 783 546 quidquid
806 459 984 540 lllarpessia
1009 458 1087 519 dixit

298 569 497 650 Heropbile,
523 567 660 628 Phoebo
686 573 840 646 grataque
864 563 950 642 quod
973 560 1114 633 monuit,

236 671 388 753 Quasque
410 668 533 732 Aniena
555 686 661 728 sacras
685 663 803 726 Tiburs
826 683 887 743 per
908 661 1035 723 lluuuua
1060 671 1164 724 sortes

299 768 447 832 Portarit
469 765 554 830 sicco
577 765 807 847 pertuleritque
831 765 922 826 sinu:

235 873 320 950 (Hae
342 870 415 932 fore
439 869 588 931 dixerunt
611 865 687 928 belli
709 866 787 926 mala
811 864 901 948 signa
924 875 1091 938 cometen,

299 972 424 1034 Multus
446 982 480 1031 ut
501 971 532 1030 in
555 980 656 1030 terras
680 968 909 1050 deplueretque
932 965 1035 1045 lapis:

236 1074 348 1156 Atque
371 1074 464 1134 tubas
487 1083 581 1152 atque
605 1089 691 1130 arina
712 1069 818 1131 lerimt
841 1066 1041 1148 strepitantia
1067 1068 1157 1129 caelo

280 1173 399 1236 Audita
422 1184 452 1234 ct
476 1173 566 1233 lucos
589 1168 804 1251 praecinuisse
826 1170 947 1252 fugam.

235 1278 342 1356 Ipsum
367 1273 458 1335 etiam
482 1273 590 1335 Solem
614 1270 774 1332 defectum
796 1268 912 1332 lumine
934 1269 1011 1331 vidit

297 1378 434 1457 [ungere
456 1375 612 1455 pallentes
635 1373 761 1435 nubilus
784 1393 881 1434 annus
905 1392 1004 1455 equos

235 1478 278 1538 Et
300 1476 464 1538 simulacra
489 1478 581 1536 dedm
606 1474 748 1535 lacrimas
772 1473 890 1536 fudisse
912 1485 1053 1554 tepentes

295 1579 439 1659 Fataque
462 1576 591 1639 vocales
613 1576 849 1655 praemonuisse
871 1576 1009 1654 bovcse)

233 1679 323 1739 Haec
345 1658 469 1739 fueraut
492 1677 589 1738 oliin:
614 1679 666 1737 sed
690 1688 724 1738 tu
746 1675 805 1736 iam
831 1677 931 1750 mitis,
956 1678 1079 1758 Apollo
1088 1721 1096 1750 ‚

296 1778 450 1861 Prodigia
473 1777 632 1839 indomitis
656 1776 763 1859 merg'c
787 1779 845 1838 sub
869 1778 1084 1860 aequoribus,

232 1882 278 1942 Et
299 1900 447 1942 succensa
471 1878 570 1941 sacris
594 1879 730 1960 crepitet
752 1880 831 1940 bene
853 1879 961 1940 laurea
983 1879 1139 1954 flammis,

297 1980 411 2042 Omine
436 2001 499 2063 quo
523 1981 602 2044 lelix
625 1991 656 2042 et
678 2001 768 2042 sacer
792 2001 892 2042 annus
915 1980 987 2044 erit.

233 2085 360 2144 Laurus
384 2082 437 2143 ubi
460 2083 546 2144 bona
568 2081 659 2164 signu
682 2082 785 2157 dedit,
811 2083 948 2165 gaudete
971 2083 1097 2156 coloni;

295 2183 462 2245 Distendet
485 2181 580 2262 spicis
601 2183 719 2244 horrca
741 2184 834 2262 plena
859 2182 978 2258 Ceres,

233 2283 360 2346 Oblitus
385 2296 415 2344 ct
439 2295 541 2346 musto
562 2282 656 2347 feriet
678 2285 757 2363 pede
780 2284 917 2346 rusticus
940 2307 1040 2360 uvas,

279 2384 389 2446 ,Dolia
414 2387 487 2445 dum
510 2384 613 2466 magni
636 2384 844 2466 deficiantque
867 2389 965 2448 lacus.

231 2486 276 2546 At
299 2486 439 2565 madidus
463 2486 595 2546 Baccho·
615 2507 671 2546 sua
692 2483 772 2546 festa
796 2486 907 2550 Palilia
930 2499 1049 2567 pastor

295 2585 471 2659 Coneinet;
497 2607 512 2645 a
536 2585 667 2648 stabulis
691 2597 766 2647 tunc
788 2592 903 2667 procul
926 2602 1010 2663 este,
1036 2589 1116 2670 lupi.

232 2688 292 2751 Ille
316 2687 392 2750 levis
415 2687 547 2768 stipulae
571 2688 739 2750 sollemnes
761 2700 856 2768 potus
880 2711 1013 2753 acervos

296 2790 478 2862 Ascendet,
503 2789 642 2850 flammas
666 2789 882 2872 transilietque
905 2813 1035 2866 sacras3

232 2891 275 2951 Et
295 2890 380 2951 setus
405 2901 546 2952 matrona
570 2890 655 2950 dabit
678 2902 832 2973 natusque
855 2892 981 2971 parenti

294 2990 411 3054 Oscula
434 2981 631 3070 coinprensis
654 2991 782 3052 auribus
805 2992 935 3072 cripiet,

232 3091 300 3152 Nec
322 3091 458 3151 taedebit
481 3113 573 3152 avum
597 3112 700 3170 parvo
714 3092 897 3174 =advigilare
921 3096 1051 3174 nepoti,

293 3192 458 3274 Balbaque
478 3189 547 3254 cuni
572 3213 675 3271 puero
699 3194 804 3255 dicere
828 3197 926 3256 verba
950 3217 1069 3259 senem.

232 3295 324 3354 Tunc
346 3304 477 3372 operata
500 3295 561 3356 deo
584 3296 684 3373 pubes
708 3294 882 3355 discumbet
905 3296 934 3356 in
958 3298 1074 3372 herba,

292 3393 432 3457 Arboris
457 3396 604 3478 antiquae
627 3416 687 3476 qua
710 3395 789 3457 levis
813 3399 921 3458 umbra
948 3398 1051 3470 cadit3

1306 3303 1348 3363 95

281 3554 322 3601 68.
341 3561 419 3616 gruta
440 3554 506 3615 quod
525 3553 654 3600 admonuit
672 3556 748 3601 Codd.
769 3559 826 3614 aliq.
846 3560 877 3602 V.
898 3559 927 3603 B.
988 3557 1029 3607 69.
1050 3557 1166 3620 Quousque
1184 3560 1283 3607 Albuuu
1304 3577 1348 3608 au-

227 3638 286 3669 crua
309 3625 410 3669 Tiberia
432 3626 521 3682 Scalig.
543 3626 600 3680 (nisi
623 3627 684 3680 quod
703 3639 747 3680 pro
767 3639 891 3684 quartaque,
912 3632 936 3670 ut
949 3626 1024 3671 Codd.
1037 3628 1126 3674 habent
1138 3661 1145 3682 ,
1166 3631 1247 3676 dedit:
1268 3632 1347 3689 quod-

226 3691 283 3751 que)
302 3693 364 3737 Edd.
390 3698 492 3737 recentt.
531 3693 644 3736 Nostram
668 3693 794 3738 tectionem
822 3694 934 3738 exhibent
959 3696 1035 3750 Lipsii
1060 3697 1120 3742 Ere.
1148 3698 1248 3751 Gyratd.
1269 3702 1346 3745 Voss.

224 3762 330 3806 llnschk.
353 3762 427 3805 Racb.
474 3762 588 3804 Nostram
612 3762 667 3804 lect.
688 3762 749 3804 baud
776 3763 913 3817 improbans
934 3778 987 3806 cum
1007 3765 1066 3808 Cdd.
1086 3765 1115 3810 L.
1136 3768 1215 3812 dedit:
1246 3766 1348 3812 Albana

225 3842 318 3873 aucrua
338 3829 449 3876 Tiberis.
489 3827 529 3874 70.
548 3830 699 3884 praetulerit
716 3832 748 3873 al.
762 3833 889 3887 perluerit
900 3834 931 3876 al.
944 3835 1086 3890 praeluserit
1103 3837 1177 3878 Voss.
1228 3833 1268 3880 73.
1280 3836 1348 3880 stre-

220 3897 341 3956 pitantia]
365 3912 417 3941 cum
447 3897 506 3942 cdd.
538 3898 567 3941 L.
603 3919 637 3930 -
666 3899 817 3957 crepitantia
844 3902 867 3944 in
899 3915 945 3944 uuo
978 3901 1021 3956 (c.)
1047 3908 1181 3946 correctum
1208 3909 1231 3947 et
1254 3907 1348 3963 Vulgo.

227 3960 268 4012 75.
286 3967 383 4012 lumine
402 3966 462 4009 Cod.
484 3964 507 4010 1.
527 3966 634 4010 Broulrb.
673 3965 714 4012 79.
727 3965 846 4026 ficerunt]
866 3983 918 4012 curn
943 3970 1003 4014 Cdd.
1024 3973 1073 4014 suis
1092 3971 1121 4016 L.
1142 3972 1158 4014 i.
1180 3986 1202 4015 e.
1222 3973 1284 4026 „iam
1303 3975 1347 4017 du-

224 4033 352 4077 (lumbare
373 4035 564 4093 praeterieruut3
585 4040 609 4078 tu
629 4035 682 4088 fac,
703 4041 728 4079 ut
746 4038 835 4081 similia
854 4039 983 4096 prodigia,
1014 4040 1091 4096 qualia
1111 4040 1154 4082 sub
1177 4039 1292 4084 Caesaris
1308 4043 1347 4085 in-

225 4103 323 4146 teritum
350 4102 508 4157 exstiterunt,
536 4116 654 4162 uunquam
672 4105 797 4149 redeant.”
816 4130 848 4140 -
860 4101 971 4164 suerunt
988 4107 1127 4166 cdd-aliq.
1148 4109 1176 4151 B.
1197 4127 1231 4142 -·
1242 4106 1350 4167 suerint

225 4172 296 4228 vulgo
323 4171 351 4213 de
377 4170 483 4216 Broultlr.
510 4173 573 4220 coni.
635 4170 677 4216 82.
704 4178 745 4216 eut
762 4175 835 4218 Pucc.
855 4177 886 4220 V.
906 4176 934 4222 Β,
991 4172 1032 4219 83.
1052 4174 1153 4219 Luurua
1172 4177 1211 4222 uti
1227 4203 1242 4214 -
1260 4177 1348 4222 dedit!

225 4242 256 4284 V.
277 4242 305 4285 B.
328 4237 358 4283 Ut
374 4238 463 4282 taurus
482 4238 541 4284 sad.
562 4241 683 4298 autiquae.
702 4239 817 4297 Laurus,
845 4243 909 4287 iode
929 4244 1020 4288 llsinsii
1040 4245 1103 4288 coui.
1124 4245 1200 4299 llere.
1239 4243 1281 4290 86.
1302 4245 1346 4290 de-
