2946 4816
520 805 848 882 SULPICIAE
892 805 1127 881 stetui.

304 1175 420 1252 Musa,
444 1173 557 1258 quihus
579 1176 717 1240 nolueris
739 1178 854 1242 heroas
878 1186 909 1238 et
932 1194 1017 1238 arma
1039 1174 1244 1260 frequentas,

262 1277 425 1342 Fabellam
447 1276 599 1360 permitte
622 1277 696 1340 mihi
717 1280 867 1342 detexere
889 1277 1021 1359 paucis:

260 1382 343 1445 Nam
364 1379 424 1442 tihi
445 1379 582 1454 secessi,
607 1391 709 1442 tecum
731 1380 896 1462 penetrale
918 1391 1093 1444 retractans

263 1480 453 1546 Consilium.
498 1481 606 1562 Quare
628 1502 688 1544 nec
709 1481 849 1544 carmine
871 1503 970 1546 curro
992 1483 1155 1546 Phalaeco

260 1585 331 1648 Nec
351 1584 496 1647 trimetro
518 1582 625 1648 iambo
648 1604 724 1659 uec,
747 1583 803 1667 qui
824 1586 906 1667 pede
927 1585 1051 1648 fractus
1071 1587 1186 1650 eodem

260 1684 406 1750 Fortiter
428 1684 521 1748 irasci
543 1684 654 1749 didicit
676 1689 756 1750 duce
778 1685 1000 1750 Clazomenio.

262 1786 378 1852 Cetera
399 1787 474 1871 quin
497 1786 606 1862 etiam,
630 1799 710 1871 qttot
732 1787 867 1872 denique
891 1787 975 1852 milia
997 1788 1060 1852 lusi

260 1889 432 1972 Primaque
455 1889 616 1954 Romanas
639 1890 734 1954 docui
754 1891 949 1953 contendere
973 1889 1079 1954 Graiis

260 1994 306 2056 Et
327 1990 446 2054 salibus
468 1990 592 2054 variare
615 1990 726 2067 novis,
751 2002 934 2056 constanter
956 1990 1092 2066 omitto;

262 2097 394 2175 Teque,
418 2091 532 2176 quihus
554 2092 706 2174 princeps
729 2104 760 2155 et
781 2092 1004 2157 facundissima
1026 2094 1143 2169 calles,
1343 2093 1377 2154 10

262 2192 475 2279 Aggredior:
498 2193 649 2276 precihus
672 2197 828 2258 descende
851 2191 973 2260 clientis
997 2208 1029 2257 et
1051 2194 1136 2259 audi.

302 2297 366 2361 Dic
387 2296 479 2373 mihi,
504 2295 672 2378 Calliope,
696 2296 844 2379 quidnam
868 2309 959 2379 pater
981 2295 1035 2360 ille
1058 2299 1190 2360 deorum

263 2397 422 2484 Cogitat?
445 2421 483 2462 an
506 2410 608 2462 terras
631 2409 662 2462 et
683 2397 785 2484 patria
807 2400 912 2462 secula
935 2397 1061 2484 mutat?

262 2503 413 2585 (litesque
435 2501 519 2564 dedit
542 2503 723 2585 quondam,
748 2501 957 2566 morientibus
979 2499 1074 2583 eripit
1095 2499 1206 2564 artes?

261 2606 397 2687 Nosque
417 2602 506 2666 iuhet
527 2603 643 2668 tacitos
666 2614 697 2666 et
720 2603 779 2666 iam
803 2602 937 2666 rationis
964 2623 1084 2688 egenos
1343 2603 1376 2666 15

262 2708 339 2770 Non
362 2703 478 2781 aliter,
503 2703 608 2787 primo
630 2725 724 2788 quam
746 2725 845 2788 quom
866 2703 1064 2769 surreximus
1087 2726 1189 2783 aevo,

662 2905 831 2952 strueretur.
850 2906 976 2956 sertus.

333 3019 357 3066 2.
373 3021 450 3080 pacis
469 3021 551 3067 lleins.
590 3017 614 3067 4.
634 3020 780 3066 Phalaeeeus
801 3019 1023 3076 hendecasyllahus.
1046 3035 1070 3067 v.
1094 3034 1116 3068 e.
1153 3020 1217 3082 Quoi
1235 3019 1301 3068 domo
1318 3021 1377 3079 lepi-

261 3089 320 3136 dum
340 3103 428 3135 uocum
455 3089 589 3134 libellum?-
625 3086 650 3135 5.
671 3091 762 3136 Seaann
781 3089 957 3145 Hipponacteos
979 3104 1001 3134 v.
1019 3105 1043 3135 c.
1081 3083 1099 3140 ὁ
1123 3087 1315 3154 μουσοποιὸς
1336 3088 1378 3140 ἐν·

261 3153 325 3208 tdd'
341 3151 482 3220 Ἱππῶναξ
494 3161 597 3209 κεῖται.
617 3159 683 3206 Male
697 3161 813 3204 Wernsd.
833 3158 928 3204 volebat
946 3164 1061 3216 traetue;
1080 3173 1103 3205 v.
1117 3160 1224 3205 llusehh.
1237 3162 1267 3204 ad
1285 3161 1340 3205 Tib.
1355 3172 1376 3214 p.

263 3227 323 3275 679.
361 3225 385 3273 6.
404 3228 482 3273 discit
501 3230 555 3273 hid.
576 3224 749 3274 Clazomenium
767 3228 854 3274 dicitnr
871 3227 1012 3283 Hipponax,
1042 3229 1112 3287 quia,
1137 3243 1208 3286 qnnm
1225 3235 1292 3275 esset
1307 3229 1377 3285 Ephe·

155 3312 159 3318 ·
261 3299 332 3352 aius,
361 3304 458 3354 propter
490 3298 658 3357 Athenagorae
691 3302 715 3342 et
745 3302 836 3342 comae
867 3297 1017 3351 tyrannidem
1038 3311 1063 3343 se
1092 3299 1193 3344 contulit
1216 3297 1376 3344 Clazomenas.

259 3367 357 3414 Flos-nit
366 3367 429 3413 eirca
440 3366 536 3423 Olyrnp.
547 3367 629 3417 Lxx.
651 3364 674 3411 7.
686 3380 733 3426 quo
743 3367 798 3411 Ait.
809 3365 875 3424 qued
883 3367 982 3412 Werua.
993 3368 1057 3412 coni.
1068 3368 1163 3425 Reliqui
1173 3372 1238 3426 quot.
1250 3381 1315 3426 ques
1323 3365 1378 3410 mul·

260 3436 297 3481 liu
315 3438 398 3482 Burm.
435 3433 459 3480 8.
479 3435 603 3482 flutuantes
622 3436 677 3480 hid.
694 3437 816 3480 Schwars.
837 3433 962 3480 Romanus
987 3436 1088 3480 debetur
1106 3438 1204 3481 vineto.
1224 3433 1285 3481 rto.
1301 3435 1378 3494 pelles

261 3507 396 3551 dubitanter
414 3506 478 3549 coni.
499 3507 584 3550 Burin.
603 3504 704 3550 Peteon.
726 3519 747 3550 c.
769 3500 828 3550 13⁵.
847 3501 889 3548 lais
906 3517 954 3564 ego
972 3505 1069 3550 culleus
1085 3505 1193 3550 artibus.
1232 3501 1275 3549 13.
1295 3506 1323 3549 in
1335 3515 1378 3560 pu·

261 3576 313 3621 tria
332 3575 416 3620 lleins.
435 3575 550 3619 Bouhier.
601 3571 642 3618 14.
671 3573 841 3619 maerentibus
859 3572 937 3617 Bcnh.
984 3570 1026 3618 15.
1045 3588 1112 3632 seqq.
1132 3587 1217 3618 verens
1236 3574 1282 3622 hoc
1300 3573 1378 3617 ordine

263 3644 360 3692 exhihst
377 3645 431 3688 Ate.
447 3641 547 3703 Nosque
564 3663 601 3676 -
617 3641 684 3703 Quid
694 3662 728 3675 ·-
741 3641 819 3687 licina
830 3641 928 3687 -Sed
940 3634 1023 3687 'cirtae
1036 3667 1069 3677 -
1081 3641 1139 3706 Note
1150 3667 1183 3677 -
1197 3641 1338 3687 Clauditur
1348 3657 1380 3674 -··

261 3713 302 3760 sin
318 3735 353 3748 -
371 3711 423 3758 Sed
439 3726 521 3774 genua
538 3731 573 3744 -
590 3709 621 3756 In
631 3707 705 3770 fretu
727 3733 754 3745 -
775 3707 920 3770 Ceteroque.
965 3711 1039 3756 Recte
1058 3726 1100 3757 eos
1119 3712 1269 3768 transposuit
1285 3712 1377 3758 Douza,

261 3783 309 3832 nisi
335 3785 398 3840 quod
425 3796 449 3826 s.
477 3779 520 3828 21.
540 3779 668 3826 collocavit
685 3785 739 3825 ante
758 3776 800 3826 2³.
820 3781 929 3826 serihsns
947 3786 1032 3824 cetera
1049 3795 1121 3840 pune.
1170 3779 1212 3827 15.
1232 3782 1308 3826 etiam
1327 3778 1379 3824 eu.

263 3849 305 3896 17.
330 3863 484 3908 procurrere
508 3850 563 3894 Ald.
589 3848 754 3907 procumbere
784 3848 884 3894 debetur
910 3849 1022 3895 Pithoeo.
1088 3849 1129 3896 19.
1156 3847 1302 3908 Romulique
1327 3846 1378 3893 illd·

262 3918 389 3980 diomle'que
426 3921 523 3975 Sciopp.
557 3916 676 3978 Remique
709 3919 818 3963 Flos-ent.
849 3919 986 3973 exemplar,
1016 3917 1161 3978 Remulique
1188 3915 1286 3973 Douna,
1317 3917 1378 3962 ruins

263 3989 357 4034 termae
384 3990 448 4034 aliud
473 3989 608 4044 exemplum
632 3989 723 4033 nullum
747 3993 832 4032 exstat.
870 3988 930 4032 ilinc
948 3992 1027 4032 tamen
1045 3989 1069 4032 in
1088 3988 1174 4047 Epigr.
1194 3987 1276 4042 Cyzic.
1299 3985 1338 4033 19.
1355 3981 1377 4026 2·

263 4057 345 4113 (unm.
373 4057 427 4102 Pet.
453 4058 474 4102 t.
500 4071 524 4114 p.
555 4053 618 4112 65.)“
640 4069 683 4112 pro
710 4050 825 4120 Ῥῆμόν
847 4068 880 4105 se
902 4050 997 4117 ξυνῶν
1025 4055 1077 4105 καὶ
1098 4051 1251 4120 Ῥωμύλον
1277 4053 1379 4115 λεχέων

262 4126 403 4172 Viscontins
421 4127 507 4172 Museo
527 4126 705 4171 Pio-Clemeut.
727 4124 751 4170 5.
771 4138 794 4180 p.
816 4122 858 4169 ta.
876 4125 923 4170 Ed.
943 4126 1015 4171 licen.
1036 4128 1094 4184 legit
1108 4119 1224 4189 Ῥῶμόν
1242 4138 1274 4175 τε
1291 4118 1379 4186 ξυνών

264 4192 317 4244 καὶ
331 4189 472 4258 Ῥέμυλον
490 4192 599 4256 λεχέων
608 4207 618 4239 .·
636 4194 724 4250 duplici
743 4194 847 4239 licentia.
897 4195 944 4240 Sed
962 4195 1018 4252 qnia
1034 4196 1075 4240 six
1092 4196 1208 4250 inducor,
1240 4199 1266 4239 ut
1284 4197 1379 4238 statuam

264 4264 394 4310 indulsisse
413 4263 459 4310 eibi
479 4265 619 4321 quandoque
637 4262 738 4308 Latinos
755 4263 780 4308 in
798 4265 911 4320 prosodia
929 4277 952 4309 v.
970 4263 1106 4324 Remulus,
1126 4265 1193 4311 utin
1211 4261 1316 4310 Sicanio
1332 4264 1381 4305 cti·
