2952 4826
132 361 239 440 Quam
260 355 417 421 muliebre
438 375 556 440 genum
579 376 650 418 nam
674 355 772 439 louge
794 352 988 436 praestatio
1011 363 1079 423 arte

132 465 178 526 Et
199 459 363 525 sollertius
379 469 427 522 cst
449 457 549 522 multo
572 479 672 542 genus
693 478 787 522 omne
812 455 924 520 virile:

135 562 316 647 Agricolae
337 563 442 624 donce
465 558 545 624 vitio
570 569 701 624 vortere
723 561 865 634 severei,

137 669 184 730 Ut
206 662 414 727 muliebribus
437 661 470 724 id
494 661 636 725 manibus
661 664 839 726 concedere
863 661 982 725 vellent

139 769 247 852 Atque
268 765 350 847 ipsei
372 763 495 848 pariter
519 767 630 826 durum
653 765 789 828 sufferre
811 764 971 838 lebetem,

138 872 247 955 Atque
266 889 367 950 opere
387 867 420 930 iu
440 870 521 930 duro
546 870 697 930 durarent
719 869 860 930 membra
880 887 1064 951 rnanusque.

199 975 247 1036 At
268 969 428 1053 specimen
451 967 585 1034 sationis
606 979 638 1032 et
656 967 817 1034 insitionis
842 967 939 1052 origo

135 1075 213 1156 Ipsa
234 1071 297 1135 suit
320 1092 428 1134 rerum
450 1069 588 1152 primum
611 1072 734 1134 Natura
757 1069 917 1135 creatrix:

135 1172 326 1240 Arboribus
348 1170 499 1257 quoniam
521 1174 620 1236 bacae
641 1171 835 1258 glandesque
856 1177 994 1238 cadneae
1036 1221 1038 1228 -

136 1277 346 1360 Tempestiva
366 1280 482 1339 dabant
506 1276 668 1359 pullorum
693 1276 837 1340 examina
857 1278 984 1351 subter,

138 1384 230 1446 Unde
245 1379 347 1443 ctiam
369 1378 525 1442 libitumst
548 1378 677 1461 stirpeis
697 1379 898 1442 committere
919 1377 1015 1440 ruinis

135 1485 181 1546 Et
204 1503 290 1547 nova
314 1481 467 1545 deludere
489 1480 665 1544 interram
689 1479 829 1564 virgulta
850 1502 910 1562 per
932 1501 1044 1564 agros.

200 1585 281 1647 Inde
304 1582 397 1646 aliam
422 1594 516 1669 atque
540 1581 632 1645 aliam
654 1583 809 1646 culturam
833 1582 934 1646 duleis
957 1580 1053 1666 agelli

137 1691 167 1751 T
170 1687 338 1760 entabaut3
361 1685 548 1771 fructusque
572 1685 662 1748 seros
684 1705 904 1750 mansuescere
926 1696 1013 1748 terra

139 1789 323 1853 Cernebaut
345 1785 541 1870 indulgendo
565 1787 744 1873 blandeque
764 1788 918 1852 colundo.

138 1891 239 1975 Inque
261 1889 328 1952 dies
350 1888 449 1972 ritagis
470 1888 503 1966 in
525 1900 664 1954 montem
684 1893 854 1954 succedere
874 1889 972 1952 silvas

138 1992 312 2076 Cogebant
334 1991 482 2076 infraque
503 1991 609 2054 lucum
636 1993 814 2056 concedere
837 1991 952 2056 cultis:

137 2097 254 2170 Prata,
277 2093 384 2168 lacus,
406 2092 516 2168 rivos,
540 2103 664 2177 segetes
687 2092 857 2178 vinetaque
879 2095 959 2158 laeta

136 2195 288 2261 Collibus
312 2205 344 2258 et
366 2193 488 2276 eampis
510 2206 544 2257 ut
564 2196 719 2258 habereut
742 2205 836 2280 atque
860 2197 1004 2260 olearum

136 2297 277 2363 Caerula
300 2296 496 2380 distinguens
516 2295 601 2360 inter
621 2297 716 2380 plaga
739 2319 871 2361 currere
894 2311 1004 2381 posset

136 2403 205 2464 Per
226 2399 365 2463 tumulos
386 2409 418 2462 et
439 2398 616 2463 convalleis
640 2420 834 2484 camposque
855 2400 1011 2482 prolusa:

136 2503 183 2566 Ut
205 2523 289 2563 nunc
309 2522 376 2564 esse
400 2500 489 2564 vides
511 2499 604 2564 vario
627 2499 775 2564 distincta
798 2501 911 2584 lepore

140 2602 274 2678 Omnia,
298 2624 378 2688 quae
401 2601 506 2684 pomis
529 2601 673 2666 intersita
697 2601 842 2666 dulcibus
861 2616 976 2667 ornant

137 2703 355 2789 Arbustisque
376 2715 482 2768 teuent
498 2703 649 2768 felicibus
673 2703 778 2770 obsita
803 2705 936 2770 circum.

202 2809 249 2870 At
268 2804 408 2893 liquidas
429 2805 535 2870 avium
557 2828 656 2872 voces
678 2805 834 2871 imitarier
855 2829 914 2872 ore

53 2932 64 2954 ·
139 2911 225 2974 Ante
247 2909 308 2974 fuit
330 2909 448 2986 multo,
471 2930 565 2994 quam
586 2908 671 2973 livia
695 2909 834 2974 earmina
858 2922 952 2974 cantu

139 3169 251 3213 Latinum
281 3181 327 3212 nun
355 3181 408 3213 essa
440 3172 566 3215 contendo.
624 3166 699 3217 1350.
726 3176 855 3230 parentur
880 3171 909 3216 C.
940 3170 1002 3223 (uon
1024 3170 1064 3226 Ε.)
1086 3173 1154 3218 Rrix.
1174 3173 1203 3218 L.
1226 3175 1256 3218 ll.

140 3235 217 3286 ¹352.
238 3251 261 3282 v.
276 3239 387 3282 sennua.
402 3239 454 3284 ina.
471 3240 568 3294 scripu.
585 3239 657 3290 nm.
668 3254 692 3296 p.
705 3239 751 3286 371
766 3239 858 3286 etsta.
878 3242 968 3286 assiria
986 3237 1124 3303 κανόνες,
1140 3236 1258 3302 ἀντίον,

138 3308 285 3352 liciatorium
303 3309 435 3366 vulgatas,
462 3309 553 3367 liguum
571 3312 594 3354 in
613 3325 659 3367 quo
679 3312 758 3355 licium
777 3309 925 3366 (aasabim)
943 3313 1073 3356 involvitur
1091 3313 1115 3355 iu
1134 3315 1182 3357 tela
1200 3326 1258 3368 pen·

139 3379 195 3422 dula
212 3391 234 3421 s.
255 3379 347 3434 iugali,
376 3377 512 3422 insubrium
537 3381 560 3423 in
585 3381 634 3424 tela
651 3381 721 3435 plana
740 3395 778 3435 ap.
804 3381 923 3424 Isidorum
944 3379 989 3435 13,
1010 3379 1052 3427 29.
1073 3382 1164 3424 arundo
1186 3381 1258 3426 Orid·

134 3449 200 3491 Μαι.
210 3445 239 3500 6,
255 3445 297 3497 st.
318 3445 559 3506 rudiusitalapolu,
577 3447 815 3510 Weberscliiffclian.
830 3474 862 3484 -
876 3451 957 3506 erupi,
970 3452 1029 3493 unde
1041 3455 1150 3493 nostrum
1159 3447 1258 3510 Solense,

139 3518 202 3562 idem
215 3517 266 3561 fere
285 3519 347 3575 quod
365 3518 427 3572 apud
444 3519 506 3562 alios
520 3523 624 3576 pecten,
647 3517 822 3572 Weberlude.,
843 3531 864 3564 s.
884 3521 962 3574 potius
982 3532 1009 3562 ea
1028 3519 1079 3562 eius
1097 3531 1168 3572 pars,
1188 3531 1259 3576 quam

138 3590 226 3630 rorant
241 3584 403 3630 Webarblutt.
442 3584 517 3632 1358.
538 3589 590 3644 ipsi
604 3589 689 3644 potius
707 3589 736 3634 L.
751 3589 781 3632 ll.
801 3588 917 3642 Explica:
939 3585 1085 3645 „Agricolae
1103 3589 1181 3631 severi
1200 3587 1259 3631 vitiu

139 3660 277 3711 verterunt,
298 3657 475 3710 exprobrarunt
493 3657 516 3700 id
534 3659 622 3702 ceteris
641 3658 700 3702 siris
711 3691 718 3713 ‚
745 3659 783 3715 qui
803 3656 906 3703 lanificio
926 3657 1053 3702 etiamtunc
1072 3657 1156 3700 intenti
1175 3663 1257 3714 erautg

138 3739 182 3770 nec
200 3726 253 3769 sine
270 3723 415 3770 consument
434 3740 476 3770 eos
495 3727 666 3781 hortabantur,
686 3725 816 3772 lanificium
834 3728 977 3771 mulieribus
997 3731 1023 3770 ut
1041 3727 1190 3772 committere
1209 3729 1258 3772 rel·

139 3797 189 3840 lent
206 3795 300 3852 ipsique
320 3794 411 3850 pariter
429 3796 563 3853 (peraeque
582 3801 652 3855 atque
671 3797 721 3850 illi,
741 3799 780 3853 qui
799 3798 936 3842 iamdudum
949 3809 1007 3854 agro
1021 3795 1121 3839 colendo
1135 3797 1259 3851 vacabant)

139 3866 225 3908 durum
243 3865 289 3908 hoe
307 3865 423 3913 rusticum
442 3876 502 3921 opus
520 3867 660 3922 suscipere;
681 3872 752 3925 utque
771 3866 814 3923 (au
832 3869 867 3910 sic
887 3868 934 3923 leg.
954 3879 998 3920 pro
1017 3866 1094 3908 altero
1115 3862 1218 3923 atquei)
1236 3869 1258 3911 in

138 3947 212 3989 opera
238 3936 298 3978 duro
326 3935 441 3978 durarent
463 3935 597 3980 membra.”
654 3931 729 3982 1363.
751 3936 881 3992 pullorum
899 3931 1031 3992 examine]
1050 3933 1169 3978 Audacius
1188 3938 1259 3980 stiam

139 4003 225 4058 Eurip.
240 4003 328 4051 Bacch.
345 4000 403 4048 709.
423 3999 571 4066 γάλακτος
587 4000 701 4067 ἑσμούς
719 4005 791 4057 dixit,
821 4005 860 4048 ubi
880 4005 932 4048 ride
951 4002 1067 4056 Ebnsley.
1124 3999 1199 4050 1370.
1220 4007 1258 4050 in·

132 4069 229 4132 sruque
246 4080 321 4118 suum
338 4074 398 4116 Ver.
415 4074 476 4121 Ven.
494 4075 563 4119 binc:
585 4075 603 4118 i.
623 4076 699 4119 situm
717 4073 761 4120 Ar.
775 4073 805 4116 P.
815 4105 822 4127 ,
842 4074 904 4130 quod
919 4072 1011 4127 recepit
1022 4074 1065 4122 W.
1083 4074 1259 4120 Auctoritatem

139 4141 234 4196 eona,
258 4142 330 4186 etiam
351 4140 380 4186 C.
400 4142 431 4190 tt.
448 4143 517 4188 Brix.
533 4143 563 4193 L.
582 4145 612 4187 ll.
627 4144 692 4202 sequi
709 4143 837 4186 maluimus
860 4155 930 4198 quam
950 4144 1046 4187 nrancii
1071 4147 1257 4189 correctionem.

141 4207 218 4256 1377.
237 4211 481 4268 Aristopb.Acbarn.
498 4211 658 4260 998.E1mn.
678 4209 729 4260 usal
747 4211 812 4282 περὶ
829 4206 864 4260 τὸ
883 4211 992 4282 χωρίον
1010 4205 1090 4262 ἅπαν
1107 4207 1134 4276 γ’
1152 4205 1259 4278 ἐλᾷδας

139 4274 247 4346 κύκλῳ.
