2964 4814
217 164 277 225 tot

210 310 307 399 ‘Quae
329 327 474 382 nostrum
498 337 597 401 genus
620 337 657 378 ae
679 313 763 380 sedis
785 313 956 378 defendere
978 313 1155 379 Erechthei
1276 313 1344 378 230

215 418 355 496 Annuit,
379 430 413 481 ut
433 417 517 481 tauri
541 439 711 502 respergas
733 415 885 501 sanguine
908 419 1076 481 dextram:

215 525 300 585 Tum
321 544 402 586 vero
425 520 548 596 facito,
572 531 606 582 ut
629 517 764 584 memori
784 517 847 582 tibi
869 518 1000 582 condita
1022 521 1123 582 eorde

204 627 307 700 ,Haec
331 622 460 708 vigeant
483 625 628 685 mandata
651 644 711 686 nec
733 621 797 684 ulla
820 621 972 686 obliteret
994 632 1119 688 aetasa.

216 728 261 790 Ut
282 724 376 788 simul
399 747 436 786 ac
459 734 589 787 nostros
610 723 750 788 invisent
771 723 888 788 lusuina
912 724 1023 800 collis,

215 832 383 892 Funestam
404 838 556 892 antennae
574 829 735 909 deponant
757 827 897 915 undique
920 838 1055 904 vestem,

216 927 425 1014 Candidaque
447 928 561 993 intorti
584 931 752 994 sustollant
774 929 846 992 vela
868 933 1036 994 rudentes:

217 1031 357 1116 [Lucida
378 1053 440 1116 qua
464 1033 630 1114 splendent
648 1031 761 1094 summi
784 1033 948 1096 carchesia
967 1033 1042 1096 mali
1055 1034 1081 1114 z]

215 1135 319 1215 Quam
341 1133 479 1215 primum
499 1156 631 1198 cernens
650 1145 684 1197 ut
705 1135 787 1199 laeta
810 1135 924 1221 gaudia
944 1147 1046 1199 mente

215 1240 420 1321 Agnoscam,
445 1259 542 1322 quom
565 1249 596 1301 te
616 1241 766 1302 reducem
789 1251 875 1301 aetas
897 1259 1055 1321 prospera
1075 1235 1200 1303 sistet.”

216 1343 308 1404 Haec
329 1342 474 1402 mandata
495 1339 585 1422 prius
608 1340 766 1404 constanti
786 1351 889 1404 mente
908 1352 1066 1405 tenentem

217 1444 343 1505 Thesea
367 1463 423 1504 ceu
447 1441 556 1522 pulsae
578 1454 748 1506 ventorum
769 1441 895 1507 flamine
917 1446 1018 1507 nubes

218 1543 357 1607 Ae'rium
380 1543 467 1606 nivei
489 1545 606 1608 montis
627 1545 750 1632 liquere
772 1567 936 1610 cacumen.

216 1647 262 1710 At
280 1656 387 1728 pater,
410 1657 445 1710 ut
463 1669 582 1710 summa
604 1660 812 1730 prospectum
834 1670 875 1712 ex
899 1669 972 1712 aree
995 1651 1143 1731 petebat,

215 1748 324 1812 Anxia
346 1748 378 1810 in
402 1748 546 1812 assiduos
570 1753 736 1814 absumens
759 1749 1009 1826 lumina⁰fletus;

216 1852 324 1932 Quom
346 1850 482 1932 primum
504 1850 606 1914 inllali
628 1852 798 1934 conspexit
817 1851 914 1916 lintea
936 1851 1016 1928 veli,

216 1952 435 2034 Praecipitem
459 1974 526 2016 sese
550 1954 760 2035 scopulorum
783 1976 799 2016 e
821 1954 944 2017 vertice
967 1953 1061 2031 iecit,

216 2055 377 2118 Amissum
402 2058 533 2130 credens
550 2055 665 2118 immiti
688 2059 814 2120 Thesea
835 2056 918 2120 fato.

217 2157 271 2222 Sic
292 2158 416 2221 funesta
439 2161 550 2220 domus
570 2156 733 2242 ingressus
753 2169 837 2220 tecta
860 2170 993 2240 paterna

216 2261 329 2322 Morte
351 2259 448 2322 ferox
470 2261 630 2335 Theseus,
653 2261 778 2345 qualem
799 2259 942 2323 Minoidi
962 2261 1081 2323 luctum

217 2361 402 2436 obtulerat,
427 2374 528 2424 mente
551 2361 732 2426 immemori
755 2362 849 2424 talem
872 2361 941 2444 ipse
964 2363 1100 2444 recepit.

216 2464 306 2543 Quae
328 2474 431 2525 tamen
454 2466 642 2546 adspectans
664 2468 828 2528 cedentem
848 2475 965 2527 maesta
988 2464 1128 2528 carinam

217 2563 411 2647 Multiplicis
433 2564 538 2630 animo
561 2565 714 2630 volvebat
738 2565 843 2630 saucia
867 2588 974 2630 curas.

269 2773 328 2820 230.
349 2774 482 2820 Erechthei
501 2791 585 2822 rursus
604 2783 640 2822 est
658 2792 671 2822 a
690 2777 788 2822 vossio.
815 2776 869 2820 Sili.
891 2776 989 2820 Lachm.
1023 2777 1069 2821 Ed.
1092 2779 1218 2833 princeps:
1247 2777 1336 2834 bustu,

216 2848 275 2889 rindc
296 2860 340 2888 uua
361 2848 430 2888 litera
449 2849 593 2901 transposita
613 2849 670 2891 olim
688 2847 792 2890 feceram
810 2842 903 2900 Butae,
924 2846 1108 2890 celebratissimi
1127 2849 1187 2902 apud
1206 2848 1337 2893 Athenien·

216 2929 254 2958 ses
274 2915 354 2958 herois
379 2919 448 2971 atque
474 2918 580 2960 auctoris
604 2917 683 2973 gentis
702 2915 847 2958 Butades-usu
871 2928 891 2959 s.
917 2915 1130 2960 Eteobutadnrum.
1158 2917 1231 2961 Butes
1261 2931 1335 2972 vero,

216 2987 297 3038 utpote
316 2985 439 3027 Minervae
458 2983 566 3028 Poliadis
592 2986 706 3028 sacerdos
723 2984 777 3028 huic
796 2984 860 3026 Deae
878 2985 1031 3041 gratissimos
1050 2999 1104 3030 esse
1124 2986 1203 3042 quidni
1223 2987 1337 3040 poterat?

214 3067 237 3100 v.
252 3054 362 3106 Apollod.
376 3051 388 3095 3
398 3083 404 3105 ,
419 3049 449 3096 15
456 3087 463 3112 ‚
477 3051 500 3095 1.
520 3054 594 3097 Pnus.
613 3052 640 3105 l,
656 3049 697 3096 26.
718 3073 751 3084 -
769 3057 841 3096 sueto
860 3053 935 3097 Guar.
954 3055 1023 3097 Aldd.
1037 3055 1109 3112 Giug.
1129 3077 1166 3088 -
1177 3051 1246 3112 freti
1258 3056 1335 3101 Codd.

215 3123 293 3164 Statii.
317 3143 345 3152 -
370 3119 453 3178 fretis
475 3123 535 3166 Stat.
554 3124 618 3166 Scal.
642 3121 719 3166 Doer.
743 3122 795 3166 Ast.
816 3145 848 3156 -
876 3123 940 3166 creti
961 3123 1058 3166 Mitsch.
1087 3144 1116 3155 -
1145 3125 1225 3168 nvitun
1250 3125 1336 3170 Heius.

216 3189 276 3235 234.
298 3189 328 3233 tn
345 3188 495 3234 eierrulheec
513 3194 530 3235 i.
548 3206 569 3236 e.
590 3196 639 3246 tua,
656 3191 758 3235 eCodd.
776 3193 829 3236 Sill.
846 3193 920 3237 Web.
958 3189 1016 3237 237.
1036 3192 1111 3236 Abest
1131 3208 1144 3235 a
1164 3194 1239 3236 Codd.
1260 3195 1337 3238 omni-

215 3261 274 3314 bus;
296 3261 383 3318 legitur
401 3266 479 3303 autem
498 3261 541 3304 sub
561 3261 650 3305 Catulli
669 3263 764 3306 nomine
783 3275 821 3314 ap.
843 3261 945 3305 Nouium
962 3275 1015 3320 pag.
1032 3258 1091 3306 793.
1112 3262 1185 3305 Goth.
1203 3264 1262 3307 sume
1283 3277 1337 3306 eom

215 3330 239 3374 h'.
260 3331 276 3372 l.
297 3329 421 3374 inseruere
441 3329 548 3374 Faernus
568 3345 595 3374 ac
614 3333 739 3376 Muretus:
769 3330 881 3374 observat
900 3336 976 3375 tanuen
997 3331 1137 3383 Mamilius,
1159 3345 1221 3385 „nec
1239 3345 1337 3376 versum

212 3401 279 3443 illum
308 3411 351 3442 nee
369 3399 458 3442 Catulli
484 3413 570 3444 nornen
599 3400 702 3455 reperiri
729 3402 752 3444 in
780 3401 849 3443 libris
875 3401 984 3442 Marcelli
1004 3400 1134 3456 antiqutsJ'
1161 3403 1263 3444 Assutus
1282 3413 1336 3450 esse

215 3473 295 3524 potest
310 3481 339 3512 ex
355 3468 442 3511 isidori
462 3469 547 3528 (ir-igg.
562 3469 607 3524 19,
628 3469 654 3514 2.
675 3483 698 3524 p.
721 3467 797 3513 1287.
821 3464 917 3513 Cinna:
936 3467 1034 3512 Lucida
1052 3465 1199 3528 confulgent
1216 3470 1262 3514 etta·
1280 3483 1337 3512 cnr-

214 3536 301 3582 chesie
319 3539 390 3583 moli.
419 3539 503 3582 Denuo
522 3553 575 3583 euru
595 3541 717 3584 eiecerunt
735 3538 807 3595 Ging.
821 3539 873 3585 Sili.
886 3538 983 3582 Lachm.
1003 3537 1092 3590 Recte,
1111 3544 1136 3582 ut
1151 3537 1247 3593 opinor.
1266 3539 1337 3583 Astio

214 3609 364 3658 necessarius
378 3608 470 3651 videtur
489 3614 587 3663 propter
606 3609 744 3664 sequeutia,
766 3616 791 3650 ut
809 3621 883 3666 prtem
897 3607 1019 3663 primum.
1059 3604 1118 3652 239.
1139 3609 1280 3652 aorsAldd.
1304 3628 1334 3640 ·-

208 3674 270 3736 sora
283 3678 375 3720 Douza.
413 3674 472 3720 tlt.
493 3678 630 3720 contollene
648 3678 737 3729 nar-yn.
758 3678 789 3718 al.
811 3678 871 3721 uude
882 3675 960 3736 fletur
977 3676 999 3718 in
1011 3675 1108 3738 fluctus
1125 3681 1216 3721 ructare
1237 3682 1337 3720 conatus

214 3752 251 3790 est
267 3747 365 3790 Mitsch.
382 3760 404 3789 v.
419 3747 524 3790 llusehlt.
543 3747 589 3801 Ep.
608 3747 662 3790 crit.
678 3759 701 3800 p.
720 3743 760 3792 92.
798 3742 856 3789 215.
877 3741 1138 3802 insectiFuse.Vulp.
1178 3743 1237 3790 248.
1259 3745 1336 3790 Codd.

214 3818 305 3872 aliquot
316 3814 445 3869 Minoida,
471 3818 530 3860 uude
547 3816 650 3859 Dorvitl.
676 3814 745 3874 quali
762 3811 878 3858 Minoida
899 3815 981 3868 luctu,
1008 3828 1063 3859 cusu
1083 3817 1168 3868 tertio,
1191 3821 1215 3858 ut
1230 3828 1253 3858 v.
1276 3812 1335 3860 396.

214 3889 299 3937 coetu,
319 3885 395 3942 „quia
415 3886 488 3940 prisci
507 3888 592 3940 poetae
607 3899 665 3930 raro
684 3885 721 3928 vel
741 3897 859 3940 nunquam
873 3883 933 3927 istos
947 3884 1038 3926 datives
1053 3885 1215 3938 corripiunt.''
1233 3885 1335 3928 Verum·

213 3960 292 3997 tamen
318 3955 341 3996 in
367 3950 442 3998 Come
459 3952 551 3999 Beren.
568 3969 618 4000 v.·.
641 3967 654 3999 ¹.
674 3954 764 3999 hahes:
792 3950 886 4012 Tethyi
909 3953 1038 4000 restituor.
1076 3952 1205 4008 „Minoidi
1229 3954 1335 3997 ultimam

213 4025 312 4067 brevem
329 4022 401 4066 habet
419 4025 447 4067 ad
466 4027 562 4068 modum
582 4001 747 4078 Grhecorum,
767 4036 838 4081 quem
851 4024 889 4067 hie
901 4022 1019 4066 imitatum
1033 4035 1086 4066 esse
1103 4024 1222 4067 catullum
1236 4022 1337 4066 credo.”

214 4092 285 4138 Web.
332 4088 391 4138 251.
412 4091 447 4134 lta
464 4093 554 4147 Burin.
574 4096 647 4138 Voss.
667 4094 743 4139 Codd.
761 4094 847 4147 Statii,
876 4093 915 4150 qui
932 4095 1032 4136 alteram
1049 4093 1177 4137 lectionem
1203 4105 1265 4150 quae
1285 4097 1337 4134 tum

210 4165 378 4220 prospectans
396 4161 465 4206 Aldd.
481 4163 555 4207 Doer.
577 4164 649 4222 Ging.
669 4164 735 4217 inre,
757 4164 859 4218 opinor,
880 4157 992 4206 novitiam
1007 4166 1086 4205 voest.
1135 4157 1195 4206 253.
1215 4160 1248 4206 Ar
1262 4165 1337 4219 poter

212 4232 388 4286 narruvoss.
408 4230 522 4277 Ceterum
537 4232 583 4277 eir.
600 4233 713 4290 Xenoph.
728 4233 840 4289 scrupos.
862 4231 891 4276 C.
910 4230 934 4276 9.
965 4231 1109 4276 Philostrnt.
1127 4231 1219 4290 lmagg.
1242 4229 1270 4286 1,
1294 4224 1335 4274 15.
