2948 4820
676 374 729 438 67.

144 477 203 541 Ille
227 477 335 555 Tyrus
358 475 485 540 eduxit:
510 477 618 561 genuit
640 499 718 560 gens
741 475 869 548 Attica,
894 478 949 538 scd
972 495 1052 558 quae

209 580 289 640 'l'am
312 579 428 660 procul
451 579 593 657 Assyriis
617 579 747 640 dissidet
770 578 801 639 in
825 578 986 641 Gadaris:

52 705 55 712 ¹
145 680 338 742 Eueratides
362 680 427 740 vixi
450 680 555 742 Musis
578 681 747 762 Meleager
770 681 907 762 anricus,
933 725 935 730 ,

129 777 142 796 “
209 785 353 844 Sectatus
376 783 540 857 Veneres,
566 783 659 846 docte
681 782 856 863 Menippo,
882 796 965 845 tuas.

145 885 223 945 Sum
249 885 369 961 Syrus:
395 895 427 945 et
450 883 526 967 quid
548 884 639 945 tunt?
663 887 805 962 Mundus
828 885 1017 948 mortalibus
1040 906 1103 947 una

127 1003 131 1012 ·
168 977 171 983 ’
210 985 271 1046 Est
293 986 406 1046 domus
419 1006 433 1057 1,
453 1006 514 1046 tina
537 985 698 1048 hominum
724 986 828 1070 gentis
851 987 948 1070 origo
971 989 1082 1050 chaos.

143 1090 209 1152 Ista
235 1087 334 1149 vicem
358 1088 467 1150 1111111111
489 1089 603 1151 tabulis
626 1110 688 1172 ego
710 1089 771 1152 iam
796 1090 904 1173 gravis
927 1091 1016 1152 anuis

208 1189 377 1252 Inscribat
403 1201 536 1252 mortem
560 1189 678 1274 quippe
700 1203 825 1254 senecta
850 1212 954 1272 prope
976 1203 1036 1254 est.

145 1292 192 1356 At
215 1291 395 1374 quicunque
418 1312 524 1354 senem
547 1313 597 1355 me
619 1313 702 1354 nunc
723 1292 848 1354 salvere
870 1293 1038 1374 loquacem

209 1391 369 1470 Iusserit,
392 1391 459 1475 ipse
481 1413 579 1457 senex
600 1395 656 1458 liat
677 1405 708 1457 et
731 1393 798 1477 ipse
820 1395 956 1478 loquax.

677 1579 732 1642 68.

148 1696 299 1780 Quisquis
322 1718 373 1773 es,
398 1698 407 1760 i
429 1696 570 1782 placide:
595 1701 690 1762 cubat
712 1699 762 1762 hle
785 1720 855 1761 eum
878 1709 974 1782 gente
996 1697 1125 1781 piorum

210 1800 314 1861 Fatali
337 1799 474 1864 domitus
498 1802 634 1862 membra
658 1821 778 1882 sopore
800 1822 911 1863 senex.

147 1902 297 1969 Eueratei
321 1902 504 1984 Meleager,
529 1903 634 1966 Amor
656 1903 705 1965 cni
729 1904 831 1964 dulcia
856 1903 986 1982 plorans

211 2001 388 2085 Gratiaque
410 2016 442 2065 et
464 2005 580 2066 Musae
604 2007 724 2088 grande
747 2007 862 2066 dedere
886 2007 994 2067 decus.

147 2104 210 2168 Cui
232 2104 335 2167 divina
360 2108 469 2184 Tyros
492 2104 597 2167 iuveni
620 2107 846 2188 Gadarquue
867 2117 990 2170 saerata

210 2207 296 2268 Urbs
320 2206 405 2268 dedit
428 2218 459 2267 et
483 2208 657 2288 Meropum
682 2206 750 2270 Cos
773 2208 918 2270 alimenta
941 2206 1021 2270 seni.
1085 2193 1090 2206 l

148 2307 183 2371 Si
206 2309 306 2386 Syrus
330 2327 431 2390 erg03
455 2308 577 2382 Salam3
601 2309 629 2371 si
651 2310 818 2385 Phoenix,
844 2308 997 2383 Audoni3
1022 2307 1170 2388 Chaere,

210 2409 245 2473 Si
269 2411 431 2474 Graecus:
456 2415 511 2474 sed
534 2410 614 2474 idem
637 2422 672 2474 tu
694 2433 823 2496 quoque
845 2414 942 2475 redde
965 2411 1052 2474 mihi.

677 2597 730 2660 69.

148 2712 353 2777 Multilorem
376 2716 500 2779 socians
524 2717 613 2780 voeis
637 2716 848 2780 modulamine
871 2719 990 2794 lotum,
1070 2751 1074 2762 =

209 2816 399 2878 Dorotheus
422 2817 529 2879 laudes
552 2819 791 2881 concelebravit
814 2820 904 2900 equi,

148 2918 291 3000 Fataque
315 2922 394 2979 dura
419 2909 605 3002 Phrygum,
631 2921 834 3001 Semelesque
858 2921 888 2980 iu
910 2918 1040 2981 lulurinc
1063 2930 1210 2999 partum:

211 3019 334 3098 Quanta
362 3020 460 3081 virdm
486 3022 633 3082 illecebra
658 3036 723 3098 est,
749 3034 862 3102 qirauta
886 3035 991 3082 secuta
1016 3023 1145 3086 Venus!

147 3122 237 3185 Unus
261 3121 313 3180 hie
335 3143 374 3182 ex
398 3143 547 3197 nruuero,
574 3134 621 3184 tot
643 3125 738 3184 babet
762 3135 841 3204 qriot
865 3145 975 3184 scaena
999 3123 1179 3199 ministros,

211 3223 335 3305 Effugit
358 3245 493 3302 pennas,
519 3224 665 3303 improbe
689 3227 816 3298 Moure,
842 3236 928 3298 tnas3

148 3324 287 3387 Sosicles
310 3336 401 3405 pater
425 3337 489 3399 est,
516 3329 646 3387 'l'bebac
670 3329 801 3387 domus:
828 3329 902 3386 aede
925 3325 1027 3402 Lyaei

171 3449 175 3458 ·
210 3428 304 3489 Neine
325 3427 428 3490 lessus
452 3413 594 3491 calamos
612 3438 779 3491 consecrat
802 3437 897 3510 atque
921 3427 1012 3488 lides.

678 3615 730 3674 70.

147 3733 181 3795 Si
204 3731 276 3794 talis
299 3736 447 3815 superbm
472 3734 574 3796 Liber
596 3733 735 3795 venisset
758 3731 792 3794 in
812 3733 912 3794 a'ularn

211 3835 335 3896 Saltans
359 3857 428 3897 cum
453 3837 599 3914 Satyrum
624 3836 890 3918 Bassaridumque
915 3836 1038 3909 choro,

286 4063 384 4118 Qualem
405 4063 469 4106 illurn
489 4062 612 4116 Pylades,
633 4068 683 4106 toto
703 4064 826 4116 plaudente
846 4063 954 4116 thealro,

314 4133 413 4174 Sallavit
433 4133 497 4189 leges
516 4130 615 4175 uririfice
635 4135 663 4175 1111
683 4134 803 4187 tragicas,

286 4199 392 4244 Draisset
415 4201 472 4244 hmo
492 4209 585 4245 veteres
605 4201 679 4244 oblita
701 4204 818 4244 dolores:

320 4269 420 4313 Mentha
440 4275 477 4314 est
495 4271 607 4324 Seruele,
628 4270 746 4316 Bacchum
767 4270 954 4327 egoymogcuui.
1023 4313 1026 4322 ,

1245 885 1265 946 5

1247 3123 1267 3185 5
