2948 4820
129 349 277 416 Circulus
300 353 454 416 innocuae
478 354 657 416 clauserunt
681 366 825 436 tempora
852 355 949 418 vitae.

127 455 196 517 Nec
219 453 319 516 urinus
343 455 415 517 hinc
438 455 529 518 nobis
554 455 689 538 gemit-us
713 457 923 540 lacrimaeque
946 458 1052 532 luere,
1074 467 1087 514 .'

12 545 13 604 l
108 557 228 632 ¹Quam
252 556 278 618 si
301 557 453 619 florentes
477 578 563 620 mors
587 557 688 619 inuida
713 558 846 638 pel-leret
868 576 979 639 annos.

127 659 196 720 Nec
222 658 320 720 tenuit
343 661 421 721 tales
444 659 616 721 communis
640 681 733 720 carisa
756 660 925 741 querelas:

127 759 223 820 Heu!
248 760 433 834 Meliboee,
457 760 540 822 iaces
563 761 647 822 letali
670 760 794 844 frigore
817 761 925 844 segnis

126 861 216 942 Lege
239 860 420 937 bourinnm,
445 863 535 924 caelo
558 861 687 945 dignus,
715 874 845 926 canente
867 875 1033 936 senecta„

126 960 338 1044 Concilioque
351 966 467 1026 deum.
513 964 644 1026 Plenum
668 963 724 1025 tibi
747 965 897 1044 ponderis
915 947 1029 1048 aerini·

125 1065 242 1124 Pectus
266 1075 345 1128 erat.
390 1067 440 1126 Tu
463 1064 636 1127 ruricoltun
661 1065 841 1128 discernere
863 1065 935 1128 lites

126 1166 303 1242 Assucras,
331 1167 434 1228 varias
456 1165 578 1247 patiens
602 1166 767 1256 mulcendo
790 1168 949 1252 qraerelas.

125 1267 190 1328 Sub
213 1281 242 1331 te
265 1269 350 1331 ruris
373 1289 480 1346 amm,
504 1270 562 1329 sub
585 1255 814 1330 terevereatia
836 1267 909 1330 iusti

124 1369 270 1445 Floruit,
296 1369 461 1452 ambiguos
484 1369 620 1453 signavit
641 1369 794 1430 terminus
818 1390 927 1452 agros.

123 1471 243 1533 Blanda
266 1471 321 1533 tibi
348 1474 435 1533 voltu
458 1471 598 1554 gravitas
618 1481 651 1532 et
675 1469 755 1532 mite.
770 1493 883 1534 severa

125 1573 246 1634 Fronte
269 1572 491 1653 supercilium,
515 1574 570 1634 sed
593 1583 703 1652 pec-tus
728 1571 830 1634 mit-ius
853 1595 922 1635 ore.
963 1607 986 1618 .,
1066 1599 1101 1614 ·’

124 1675 174 1735 Τιι
198 1675 336 1738 calamos
359 1685 469 1756 aptare
491 1673 595 1735 labris
610 1683 641 1734 ct
663 1673 794 1756 iungere
817 1697 893 1738 cera

125 1777 282 1838 Hortatus
306 1778 400 1837 duras
422 1775 556 1838 docuisti
578 1775 689 1838 fallere
719 1798 825 1840 curas.

122 1881 191 1964 Nec
212 1897 341 1959 segnem
365 1879 456 1940 nobis
478 1895 590 1958 passus
614 1899 754 1939 marcere
777 1879 953 1953 iuventa-m,

122 1983 223 2060 Saepe
247 1983 342 2040 dabas
365 1979 493 2040 meritae
514 2001 577 2042 non
601 1979 672 2041 vilia
696 1980 834 2060 praemia
858 1983 985 2044 Musae.

121 2083 221 2162 Saepe
245 2082 337 2142 ctiam
359 2081 483 2156 senior,
509 2101 548 2146 ne
571 2101 631 2144 nos
646 2094 780 2143 ‘cantare
802 2082 930 2164 pigeret
939 2127 965 2181 ,ἢ

15 2215 19 2224 ·
121 2185 240 2252 Laetus
263 2184 416 2246 Plaocbca
439 2183 544 2248 dixisti
566 2205 691 2244 carmen
711 2205 823 2245 avena.

120 2287 212 2348 Felix
237 2308 255 2348 o
279 2285 461 2360 Meliboee,
486 2285 575 2346 valet
599 2285 660 2346 tibi
675 2285 800 2347 frondis
824 2287 943 2348 odorae

119 2391 256 2450 Munera
281 2389 349 2463 dat,
373 2379 481 2450 lauros
504 2407 656 2468 carpens,
680 2387 795 2448 ruralis
817 2389 959 2469 Apollo:
1192 2393 1233 2454 65

118 2492 205 2553 Dant
228 2489 345 2564 Fauni,
371 2492 457 2571 quod
480 2487 614 2573 quisque
637 2490 741 2563 valet,
767 2492 806 2552 de
829 2491 892 2552 vite
913 2511 1075 2569 racemos,

118 2595 168 2656 De
191 2611 302 2672 campo
326 2591 448 2654 culmos
470 2591 619 2672 oninique
641 2611 681 2652 ex
704 2593 820 2653 arbore
842 2593 976 2660 fructus.

12 2725 14 2744 ·
116 2697 181 2756 Dat
204 2697 383 2776 grandaeva
407 2693 501 2755 Pales
523 2691 697 2772 spumantia
722 2693 843 2772 cymbia
866 2695 966 2772 lacte,

117 2796 216 2858 lllclla
239 2793 346 2857 serrant
368 2794 550 2875 Nymphae,
576 2793 674 2873 pictas
698 2797 750 2855 dat
772 2795 869 2857 Flora
893 2817 1043 2860 coronas.

117 2897 269 2961 Manibus
290 2896 343 2958 hic
363 2915 528 2976 supremus
550 2896 672 2957 honos!
696 2895 781 2957 Dant
804 2898 939 2958 carmina
963 2900 1100 2976 Musae;
1187 2903 1230 2965 70

116 2998 266 3062 Carmina
290 3001 364 3060 dant
385 2998 518 3070 Musae,
544 3015 603 3058 nos
625 3007 656 3056 tc
679 2998 878 3059 ruodulamur
900 3021 1014 3063 avena.

12 3105 13 3120 ¹
116 3100 279 3163 silvestris
301 3121 384 3162 nrtnc
408 3110 439 3160 te
460 3099 622 3179 platanus,
648 3099 831 3173 Meliboee,
856 3114 1015 3179 susurrat,
1044 3119 1047 3128 ¹

12 3203 13 3206 ’
115 3205 165 3264 'l'e
188 3201 294 3283 pinus;
317 3205 431 3264 reboat
452 3212 501 3274 te,
527 3200 678 3283 quidquid
700 3202 846 3263 carminis
869 3204 963 3266 Echo

115 3306 301 3385 Respondet
323 3303 437 3376 silvac3
461 3312 492 3364 te
515 3314 624 3364 nostra
647 3313 785 3364 armenta
806 3303 995 3384 loquuntur.

114 3409 261 3488 Namque
284 3404 372 3486 prius
394 3404 485 3466 siccis
506 3409 630 3484 phocae
653 3415 822 3483 pascentur
843 3405 874 3464 in
898 3405 983 3467 arvis
1170 3406 1227 3472 “1⁴5

112 3506 331 3589 llirsutusque
353 3507 438 3568 freto
461 3506 548 3566 vivet
569 3507 641 3579 leo,
665 3504 769 3565 dulcia
793 3506 883 3566 mella

112 3611 278 3670 ¹S'udabunt
300 3607 385 3682 taxi,
409 3606 549 3670 confusis
571 3606 694 3689 legibus
716 3606 811 3669 anui,

113 3713 254 3772 Mcsscm
278 3708 378 3772 tristis
393 3709 518 3781 hiem,
545 3719 647 3770 aestas
668 3707 820 3770 tractabit
842 3707 961 3784 olivas,

12 3893 13 3900 ἵ
110 3813 196 3873 Ante
219 3811 309 3872 dabit
327 3811 424 3872 flores
447 3821 653 3882 auetunmus,
678 3831 736 3871 ver
758 3810 844 3871 dabit
866 3831 963 3884 uvas,

111 3914 214 3990 Quam
238 3923 359 3988 taceat,
384 3910 567 3984 Meliboee,
592 3923 662 3973 tuas
686 3933 754 3974 mea
776 3912 880 3976 fistula
902 3912 1022 3976 landes.
1159 3919 1226 3989 Ι80

110 4017 182 4076 Tit.
228 4016 356 4094 Perge,
380 4035 477 4094 puer,
503 4023 714 4097 coeptumque
736 4013 792 4075 tibi
815 4035 853 4075 ne
875 4008 986 4080 desere
1008 4035 1147 4079 carrarca.
1221 4038 1246 4086 ,·

108 4119 192 4178 Nam
216 4115 261 4176 sic
283 4115 373 4176 dulce
397 4137 512 4187 sonas,
539 4126 570 4176 ut
594 4127 624 4176 te
649 4117 789 4196 placatus
814 4109 934 4194 Ap‘olto

109 4220 278 4282 Provehat
300 4229 331 4279 ct
353 4217 431 4280 l'elix
454 4216 609 4278 dominam
634 4219 786 4296 perducat
809 4221 848 4280 ad
871 4220 1002 4282 Urbem.
