2964 4814
196 372 236 436 ln
259 391 326 434 mea
346 369 460 435 sortiti
482 369 599 434 iudicet
620 387 692 434 ossa
712 366 790 450 pits.
818 373 822 382 '

129 473 305 536 Assideant
328 473 463 546 iratres,
487 470 576 534 iuxta
600 468 727 534 Minoia
749 466 845 548 sellu,

197 573 406 637 Eumenidum
428 571 551 636 intento
572 573 667 634 turbs
685 589 796 634 severs
818 571 907 633 loro.

129 675 286 756 Sisyphe,
310 675 393 738 mole
416 693 530 747 vaces,
554 682 680 734 taceant
700 669 824 734 Ixionis
846 671 961 746 orbes,

108 803 112 808 ·
196 776 310 839 Fallax
332 775 489 860 Tantaleo
510 772 689 855 corripiare
711 772 831 854 liquor.

131 877 299 941 Cerberus
317 888 350 939 et
371 876 472 940 nullas
497 873 593 936 hodie
613 883 702 956 petat
724 872 891 954 improbus
913 874 1060 948 unsubras,
1208 871 1247 934 25

199 979 245 1039 Et
265 977 364 1039 iaceat
385 975 479 1038 tacita
499 975 588 1055 lapsa
609 986 719 1036 eatena
739 993 824 1036 sera.

129 1080 209 1160 lpsa
231 1077 347 1161 loquar
368 1097 431 1157 pro
454 1097 517 1138 me.
562 1074 597 1138 Si
617 1075 712 1148 fallo,
736 1094 842 1155 poena
866 1094 1037 1150 sororum,

196 1178 313 1241 Infelix
331 1179 482 1239 humeros
504 1186 617 1259 urgeat
637 1195 716 1239 urna
740 1195 841 1240 tuens.

131 1279 169 1341 Si
190 1278 242 1342 cni
262 1279 346 1341 fama
368 1278 429 1342 tuit
450 1298 509 1358 per
530 1275 612 1340 avita
639 1287 772 1358 tropaea
793 1275 920 1352 decori,

196 1381 279 1444 Afra
300 1377 512 1443 Numantinos
534 1398 635 1461 regna
655 1378 832 1460 loquuntur
854 1397 952 1452 avos;
1004 1363 1007 1370 ’

130 1483 246 1544 Altera
269 1491 428 1542 maternos
451 1489 609 1562 exaequat
630 1479 724 1540 turba
748 1477 894 1541 Libones

196 1583 241 1644 Et
263 1584 374 1644 domus
396 1590 442 1642 est
464 1579 564 1642 titulis
584 1590 720 1661 utraque
740 1578 821 1640 fulta
844 1578 922 1641 stris.

130 1684 239 1758 Mox,
264 1680 319 1743 ubi
338 1680 399 1742 iam
422 1679 544 1743 laribus
566 1679 660 1742 cessit
682 1691 848 1760 praetexta
872 1677 1009 1755 maritis,

196 1781 312 1847 Vinnit
334 1794 365 1844 et
389 1792 538 1862 acceptas
560 1781 658 1843 altera
678 1779 756 1844 vitta
778 1801 910 1854 nomas,

127 1997 200 2060 ptis)
219 2003 306 2046 sortito
323 1999 448 2057 quaesitor
471 1999 531 2044 mihi
557 2000 686 2059 obtigerit,
715 2002 735 2046 is
754 1995 864 2054 appositi
884 1995 942 2042 arni
960 2012 982 2044 s.
1004 2000 1098 2054 sitella,
1129 2003 1153 2048 iu
1180 2015 1251 2062 quam

130 2074 255 2116 mittantur
275 2070 379 2113 iudicum
397 2074 534 2113 ceterorum
553 2069 669 2122 tabellae,
698 2070 778 2128 ntique
796 2071 885 2112 iudicet
899 2069 929 2134 in¹
944 2081 999 2112 enea
1018 2079 1092 2124 ussa,
1112 2073 1206 2126 poitics
1224 2073 1249 2117 lt.

130 2143 151 2184 l.
177 2140 354 2184 construetione
386 2147 417 2180 =
446 2138 476 2180 de
505 2135 600 2181 ossibus
622 2139 699 2191 ineis,
727 2139 755 2182 de
775 2151 813 2180 me
837 2141 940 2180 mortua.
977 2136 1115 2183 Assiduum
1124 2135 1249 2197 fratres,

131 2209 324 2253 llbsdumauthus
352 2206 406 2250 soll.
424 2209 449 2250 et
470 2205 569 2260 Minos,
601 2219 672 2262 quern
690 2207 799 2250 consulto
820 2205 970 2250 manifestius
988 2207 1099 2265 designet
1115 2220 1153 2252 vu.
1181 2221 1248 2266 seqq.
1333 2255 1337 2272 1

130 2279 208 2320 iuxta
226 2276 281 2334 (sit)
298 2273 399 2319 Minoia
424 2273 503 2328 seila,
536 2279 559 2316 et
578 2287 640 2317 novo
657 2267 822 2338 dovvtls'up,
853 2288 899 2318 uon
919 2275 970 2319 sine
992 2280 1050 2320 srte·
1064 2277 1088 2323 in
1104 2278 1250 2334 gravissimo

130 2346 179 2390 hoe
196 2349 306 2400 poemate
327 2343 469 2398 observata3
496 2342 629 2396 proximum
653 2355 766 2387 eoronam
785 2342 858 2387 veluti
880 2343 1016 2386 auditorum
1041 2347 1186 2390 constituant
1202 2345 1251 2389 Eu-

131 2413 258 2469 menites,
278 2417 302 2458 iu
320 2425 379 2470 ques
396 2411 512 2456 intentum
534 2411 566 2454 sit
588 2416 664 2455 totum
682 2411 776 2466 foranu,
798 2412 815 2456 i.
833 2427 856 2456 e.
875 2413 1024 2469 reliquarum
1038 2412 1176 2458 umbrarum
1191 2415 1253 2458 mul·

129 2483 217 2527 titudo.
261 2482 314 2526 Cir.
333 2481 405 2524 eliasu
425 2481 540 2524 Senecam
555 2479 628 2526 llere.
647 2481 695 2525 fur.
717 2477 741 2533 3,
763 2476 822 2524 lii.
865 2477 921 2524 Non
940 2494 1005 2525 anus
1023 2487 1081 2524 arta
1100 2481 1159 2526 sede
1176 2495 1251 2540 quae-

130 2551 197 2595 sitor
214 2550 306 2595 sedens
323 2547 423 2592 Iudicia
440 2546 546 2604 trepidis
564 2561 625 2591 sera
642 2550 749 2593 sortitur
765 2549 828 2592 reis.
864 2547 955 2594 Aditur
973 2547 1018 2592 illo
1036 2547 1148 2594 Gnosius
1165 2547 1251 2595 Minos

121 2615 209 2678 jbro5
243 2614 448 2664 Rhadamanthus
474 2617 541 2669 iilo;
571 2612 686 2661 Thetidis
703 2615 749 2661 itas·
768 2616 839 2661 audit
855 2630 938 2661 socer.
974 2618 1101 2676 Magistris
1124 2617 1251 2662 indicanda

130 2693 170 2732 est
189 2687 316 2742 praecipue
338 2687 394 2730 leet.
410 2685 533 2730 varietas:
552 2683 579 2729 Is
598 2697 653 2728 mea
671 2682 762 2730 sortita
779 2684 888 2729 uindicet
904 2697 965 2729 ossa
979 2683 1045 2741 pilei
1083 2686 1176 2741 (lleins.
1196 2688 1251 2731 seil.

131 2755 169 2799 Ie.
190 2755 251 2799 cdd.
268 2757 325 2813 aliq.
345 2751 476 2808 uindicet.)
495 2777 528 2788 —
546 2751 666 2798 Assideat
675 2750 766 2812 frater
784 2753 1000 2810 (Rhadamanthus)
1020 2755 1097 2798 iaxta
1113 2761 1136 2798 et
1153 2752 1252 2800 Minoia

130 2824 198 2868 seila
215 2825 312 2868 Santeu.
332 2847 365 2857 —
384 2820 521 2867 Assidsant
530 2818 649 2879 fratres,
679 2823 755 2866 iuxta
773 2820 872 2866 Minoia
889 2824 968 2876 sella,
996 2827 1020 2866 st
1029 2823 1142 2878 Furnius,
1160 2825 1249 2881 Vulgo.

130 2890 270 2938 derideant
282 2890 387 2951 fratres
413 2891 482 2935 iusta
499 2890 630 2934 minonida
654 2891 745 2935 setiam
766 2891 826 2935 Cot.
853 2891 973 2950 Groning.
992 2893 1010 2937 i.
1037 2907 1059 2936 e.
1079 2891 1111 2936 A.
1126 2887 1154 2950 Ι.
1177 2892 1252 2936 iaxta

129 2959 249 3005 Minoida
272 2963 371 3006 sellam.
391 2979 423 2994 -
439 2957 560 3004 Assideat
568 2956 673 3018 fratres
690 2962 766 3004 iuxta
789 2966 812 3003 et
832 2958 949 3004 Minoida
969 2962 1059 3005 setiam
1084 2959 1251 3006 Eumenidum

132 3056 142 3066 ·
161 3055 172 3065 -
190 3029 264 3074 turba
281 3043 326 3088 ego
341 3029 487 3086 aliquantis,
519 3041 572 3072 cnm
592 3029 692 3072 Laebm.
711 3029 757 3072 tta.
783 3041 812 3083 pr
832 3059 838 3082 ‚
858 3029 898 3086 qni
920 3033 999 3074 tamen
1022 3030 1155 3074 retinuerat
1177 3028 1252 3074 Assi-

129 3097 215 3143 dsant.
235 3099 307 3143 lerob
325 3099 425 3154 deniqne
446 3097 588 3151 proposuit:
610 3095 640 3142 tu
662 3109 718 3140 mea
736 3097 827 3141 sortita
844 3096 953 3142 uindicet
970 3112 1031 3143 ossa
1047 3099 1118 3155 pila,
1145 3097 1251 3143 Asside·

129 3173 175 3210 ant
185 3163 308 3225 fratrea,
337 3166 411 3210 iuxta
428 3163 545 3210 Minoida
565 3165 654 3210 sellam
668 3164 835 3212 Eumenidum
851 3167 915 3213 nst.'¹
933 3167 967 3210 ita
982 3173 1008 3211 nt
1022 3167 1180 3212 Eumenidum
1202 3172 1251 3210 tur·

128 3236 176 3289 ba,
204 3236 291 3281 sortito
313 3235 378 3279 inter
398 3234 488 3278 iudices
518 3234 621 3279 selectos
641 3235 749 3288 adscita,
778 3235 895 3289 vindicet,
921 3235 1031 3280 absolvst
1047 3247 1085 3279 me
1105 3236 1252 3280 mortnsm.”

128 3305 198 3360 Quae
214 3308 293 3348 umen
310 3304 373 3346 ratio
386 3303 473 3346 multas
486 3307 584 3356 propter
602 3303 710 3347 rationes
722 3305 887 3358 postponenda
898 3305 992 3348 videtur
1010 3308 1128 3360 nostrss3
1147 3305 1251 3348 masinae

128 3373 189 3428 quia
209 3372 354 3416 Eumenides
370 3372 436 3415 nullo
461 3370 532 3414 modo
553 3372 577 3414 in
599 3371 703 3415 iudicum
719 3385 846 3416 numerum
862 3371 951 3416 referri
970 3377 1080 3428 possunt.
1134 3369 1177 3416 2³.
1196 3385 1251 3416 ees·

127 3445 187 3485 sent
204 3453 249 3494 pro
264 3445 365 3483 taceant
380 3439 499 3492 Porcius,
532 3453 561 3483 ex
578 3439 704 3484 manifeste
726 3441 922 3494 interpolatione.
984 3437 1027 3483 24.
1048 3437 1170 3483 Tantaleo
1192 3451 1252 3482 eos·-

126 3510 215 3566 ripere
234 3521 277 3552 ore
294 3508 376 3566 liquor
393 3509 477 3552 Attrut.
499 3507 582 3552 Heius.
604 3523 639 3540 «-
662 3507 797 3553 Tantalide
815 3508 852 3552 vel
873 3506 1025 3552 Tantalidos
1050 3507 1163 3551 Psssouii
1182 3520 1249 3562 susp.

127 3601 162 3611 -
195 3574 348 3621 Tantalidae
371 3575 464 3643 recepit
493 3575 575 3619 laceb.
604 3573 646 3622 tt.
676 3577 766 3635 loquar·
794 3590 806 3620 e
841 3576 902 3620 Celet.
928 3575 978 3620 lae.
1003 3572 1050 3619 L2.
1083 3587 1126 3629 pro
1153 3575 1251 3632 loquor.

128 3643 173 3691 3b.
202 3641 268 3703 Assa
297 3649 334 3689 est
364 3645 429 3688 Seal.
455 3644 520 3687 euni.
549 3642 616 3688 Libri
643 3643 721 3700 Atra,
752 3643 833 3698 Aera,
863 3641 943 3697 Vera,
976 3645 1036 3688 unde
1062 3643 1130 3699 Lips.
1159 3641 1251 3688 Versa.

127 3710 173 3758 31.
194 3715 296 3766 „Altera
320 3712 403 3766 turbe,
436 3715 570 3756 insternunt
587 3725 663 3771 genus
686 3718 806 3769 exaequat
820 3712 928 3757 Libones
944 3712 1070 3766 Aemiliis,
1097 3711 1186 3756 seriem
1209 3711 1252 3756 Li·

127 3783 220 3826 bonutn
239 3781 350 3825 Aemiliis
375 3781 606 3838 aequiperandoruns
626 3781 755 3838 exbibet;”
773 3783 797 3825 iu
820 3795 867 3839 qno
889 3781 999 3838 equidem
1016 3781 1074 3824 nibil
1093 3780 1146 3823 sitiri
1162 3780 1250 3834 video,

128 3849 275 3906 praesertim
299 3850 361 3904 sputi
379 3849 455 3904 Prop.
481 3849 553 3892 laceb
580 3861 665 3904 susm:
690 3849 777 3895 Altera
794 3855 909 3894 materno
929 3862 957 3892 se
975 3853 1101 3906 exaequat
1115 3847 1189 3892 turba
1209 3847 1252 3893 Li-

127 3919 192 3964 boas
219 3918 281 3976 qnod
307 3919 401 3973 ipsum,
438 3917 459 3960 si
484 3917 559 3971 Prop.
590 3919 745 3973 scripsisset,
775 3919 879 3965 meliore
913 3918 1018 3962 fortasse
1043 3917 1095 3960 iure
1125 3918 1253 3970 ‚,durum”

126 3987 268 4030 baberetur.
326 3983 368 4030 34.
387 3987 468 4044 Vulgo
480 3997 603 4043 aspersas
623 3999 653 4030 es
667 3989 770 4046 eleganti
787 3987 861 4032 Puer.
877 3988 972 4031 emend.
1008 3983 1144 4029 Faeemin
1156 3987 1253 4043 nuptiis

126 4056 155 4100 in
173 4052 294 4098 honorem
313 4050 413 4100 Cereris
427 4051 609 4113 proferebant,
638 4068 751 4114 aquaque
769 4053 971 4114 adspergsbatur
991 4065 1055 4099 noua
1075 4059 1167 4112 nupta,
1200 4055 1253 4100 sire

128 4129 155 4167 nt
173 4130 247 4168 easta
263 4136 381 4183 puraque
402 4121 438 4168 ad
461 4123 543 4167 sirum
562 4122 672 4179 reniret,
704 4125 756 4168 sire
775 4129 913 4184 uinquam
928 4129 1002 4184 atque
1019 4125 1106 4184 ignem
1125 4135 1183 4168 eum
1199 4125 1253 4168 siro
1295 4113 1298 4124 ’

126 4193 336 4241 communicaret.
385 4191 475 4238 Festus
497 4193 521 4236 iu
547 4189 648 4241 Furem.
674 4190 797 4250 deeeptus
816 4193 922 4247 euplius,
952 4205 1035 4250 „quos
1056 4194 1114 4238 vitta
1138 4191 1250 4246 aceepit,

126 4261 229 4305 sinnit'l
