2948 4820
243 229 307 298 338
372 317 377 338 Ι

306 383 386 477 μηδ’
410 384 502 468 έκτὸς
519 388 639 474 βελέων
658 377 783 454 έστάτω
802 377 916 452 ἀσπίδ’
932 381 1023 472 ἔχων.

244 487 330 559 άλλά
356 517 406 570 τις
427 487 522 578 έγγίις
546 485 620 570 ίών,
641 483 840 574 αὐτοσχεδὸν
864 485 952 572 ἔγχεϊ
967 484 1084 576 μακριξ

306 589 329 676 ἢ
350 594 434 685 ξίφει
460 587 622 674 οὐτάζων,
645 585 739 672 δηιον
759 583 847 678 ἄνδρ’
872 591 987 654 έλέτδι·
1323 585 1364 648 30

243 700 301 763 καὶ
321 691 409 762 πόδα
431 691 499 782 πάρ
519 695 595 760 ποδι
616 692 709 773 θείς,
730 695 785 758 καί
807 687 852 757 ἐπ’
879 685 1017 768 ἀσπίδος
1038 682 1152 755 ἀσπίδ’
1178 686 1322 776 ίρείσας,

307 799 341 865 έν
361 799 396 864 δέ
419 792 526 888 λόφον
548 819 582 862 τε
605 789 700 886 λὸιμρ
725 797 779 860 καί
799 795 913 874 κυνέην
932 795 1027 886 κυνέη

205 885 208 892 ¹
244 904 300 968 καὶ
321 902 456 988 στέρνον
474 899 597 990 στέρνῳ
618 898 836 983 πεπλημένος,
858 890 952 984 άνδρὶ
971 896 1130 982 μαχέσθ..
1139 941 1149 974 ,-

309 997 330 1082 ἢ
352 1001 463 1092 ξίφεος
484 997 595 1080 κώπην
614 995 636 1081 ἢ
657 993 739 1088 δόρυ
761 995 891 1086 μακρὸν
912 992 1001 1064 ἔλών.

246 1099 338 1191 ὑμεῖς
359 1095 393 1169 δ’
405 1152 413 1183 ,
435 1089 460 1168 ὦ
483 1102 659 1188 γυμνῆτες,
680 1095 739 1168 ὑπ’
762 1090 902 1178 ἀσπίδος
925 1096 1075 1166 ἄλλοθεν
1093 1093 1195 1173 ἄλλος

307 1199 528 1282 πτώσσοντες,
549 1199 706 1290 μεγάλοις
729 1198 867 1289 βάλλετε
881 1201 1096 1290 1χερμαδίοις,

243 1301 384 1398 δούρασί
403 1331 437 1373 τε
455 1306 616 1388 ξεστοῖσιν
636 1300 858 1386 ἀκοντίζοντες
880 1306 912 1382 ές
931 1299 1069 1383 αὐτούς,

307 1413 394 1477 τοῖσι
415 1408 634 1486 πανοπλίταις
652 1409 791 1490 πλησίον
813 1401 991 1493 ἱστάμενοι.

775 1594 825 1659 11.

247 1729 327 1802 0άέ
352 1729 394 1802 άν
413 1731 614 1822 μνησαίμην,
636 1727 708 1800 οὔτ’
732 1733 766 1800 έν
784 1728 872 1824 λόγῳ
894 1727 1000 1822 ἄνδρα
1020 1730 1192 1818 τιθείμην,

307 1833 383 1904 οὔτε
405 1836 514 1903 ποδών
534 1830 667 1926 άρετῆς,
689 1831 764 1902 οίίτε
787 1827 1075 1922 παλαισμοσύνης,

243 1933 318 2006 οὐδ’
341 1933 373 2004 εἰ
391 1931 582 2004 Κυκλώπων
605 1943 665 2024 μέν
686 1935 754 2024 ἔχοι
775 1932 921 2022 ωέγεθός
944 1960 978 2002 τε
996 1937 1072 2021 βίην
1094 1959 1142 2013 τε,

306 2033 407 2131 νικῴη
432 2042 467 2106 δέ
489 2040 582 2105 θέων
609 2038 765 2128 θρηίκιον
786 2041 934 2130 Βορέην,

242 2136 315 2219 οὐδ’
340 2137 372 2208 εἰ
394 2143 565 2208 Τιθωνοῖο
588 2137 677 2232 φυὴν
692 2144 907 2232 χαριέστερος
921 2141 987 2222 είη,

304 2241 463 2324 πλουτοίη
484 2246 520 2310 δέ
542 2244 655 2310 Μίδεω
677 2247 733 2310 καὶ
757 2238 909 2332 Κινάραο
932 2245 1047 2323 πλέον,

242 2339 315 2413 οὐδ’
344 2341 375 2411 εἰ
399 2345 606 2412 Τανταλίδεω
628 2347 782 2424 Πέλοπος
802 2340 1035 2434 βασιλεύτερος
1055 2347 1120 2426 εἴη,

303 2447 457 2533 γλῶσσαν
478 2441 511 2514 δ’
528 2441 715 2538 Ἀδρήστου
731 2441 964 2540 μειλιχόγηρυν
983 2447 1067 2535 ἔχοι,

242 2544 315 2618 οὐδ’
337 2545 369 2616 εἰ
386 2549 499 2616 πάσαν
519 2548 588 2638 ἔχοι
609 2545 723 2631 δόξαν,
744 2546 828 2632 πλὴν
848 2545 1014 2639 θούριδος
1036 2544 1156 2628 άλκης,
1180 2585 1184 2590 ·

305 2645 358 2730 (οὐ
380 2646 445 2741 γάρ
468 2645 552 2740 άνίηρ
574 2645 711 2736 άγαθὸς
732 2651 876 2737 γίγνεται
898 2653 931 2718 ἐν
952 2653 1096 2741 πολέμῳ)
1325 2652 1362 2711 10

241 2748 273 2820 εἰ
289 2749 335 2840 μὴ
356 2752 488 2834 τετλαίη
508 2759 569 2838 μέν
590 2747 676 2841 ὁρῶν
697 2748 803 2845 φόνον
822 2747 1038 2840 αἱματόεντα,

305 2857 361 2920 καὶ
381 2853 479 2934 δηίων
489 2849 643 2944 ’ὀρέγοιτ’
654 2904 662 2935 ,
685 2848 828 2941 ἔγγάθεν
847 2850 1030 2940 ἱστάμενος.

239 2950 261 3039 ἡ
283 2950 316 3022 δ’
338 2950 437 3041 άρετὴ
461 2949 498 3022 τό
520 2951 552 3021 τ’
578 2951 707 3023 ἄεθλον
730 2957 763 3023 ἐν
784 2952 1016 3047 ἀνθρώποισιν
1038 2953 1175 3046 άριστον

303 3051 481 3124 κάλλιστόν
505 3081 539 3124 τε
563 3061 674 3147 φέρειν
694 3059 839 3144 γίγνεται
861 3053 956 3148 ἀνδρὶ
977 3063 1048 3150 νέῳ.

241 3155 346 3234 Ξυνὸν
365 3154 397 3224 δ’
421 3155 549 3226 ἐσθλὸν
572 3161 670 3226 τοῦτο
692 3157 791 3242 πόληί
810 3185 845 3228 τε
866 3161 964 3228 παντί
987 3185 1020 3226 τε
1042 3156 1150 3249 δάμῳ,
1325 3163 1360 3222 15

304 3252 392 3340 ὅςτις
413 3256 496 3352 άνηρ
520 3257 641 3347 διαβάς
663 3262 697 3328 έν
721 3257 923 3353 προμάχοισι
942 3265 1039 3360 με’νη,

241 3365 422 3452 νωλεμέως,
444 3359 584 3452 αἰσχράς
609 3366 644 3430 δέ
667 3365 775 3453 φυγῆς
797 3367 847 3431 ἐπὶ
868 3360 977 3453 πάγχυ
1000 3361 1171 3447 λάθηται,

303 3463 417 3559 ψυχὴν
438 3469 493 3532 καὶ
519 3462 634 3552 θυμὸν
656 3462 803 3552 τλήμονα
823 3471 1054 3558 παρθέμενος,

241 3563 399 3663 θαρσάνη
421 3570 456 3634 δέ
476 3574 585 3636 πεσεῖν
606 3566 664 3636 τὸν
684 3569 822 3651 πλησίον
843 3567 949 3661 ἄνδρα
971 3565 1139 3662 παρεστώς
1148 3585 1162 3601 ·“

304 3660 402 3748 οὗτος
425 3665 508 3761 άνίηρ
533 3666 671 3756 άγαθός
692 3672 838 3757 γίγνεται
862 3675 896 3739 έν
918 3677 1058 3766 πολέμῳ.
1321 3672 1359 3734 20

241 3763 344 3866 Αέψα
369 3774 405 3839 δὲ
430 3774 606 3858 δυςμενέων
630 3768 758 3862 άνδρών
786 3773 903 3868 ἔτρεψε
931 3770 1109 3867 φάλαγγας
1192 3858 1199 3864 ἱ

306 3874 471 3965 τρηχείας,
493 3875 620 3969 σπουδῇ
644 3871 677 3942 δ’
702 3875 821 3964 ἔσχεθε
845 3879 935 3963 κῦμα
957 3873 1079 3964 μάχης.

241 3971 354 4053 Αὐτὸς
374 3973 407 4043 δ’
434 3979 468 4043 έν
491 3972 694 4066 προμάχοισι
718 3975 824 4046 πεσών
843 3981 942 4070 φίλον
968 3977 1065 4047 ὤλεσε
1087 3973 1220 4066 θυμόν,

303 4073 389 4144 άστυ
411 4102 445 4144 τε
465 4083 523 4146 καὶ
544 4077 647 4156 λαοὺς
667 4085 722 4146 καὶ
744 4077 862 4171 πατέρ’
889 4078 1072 4163 εὐκλεΐσας,

238 4175 346 4246 πολλά
368 4177 424 4244 διά
449 4184 597 4268 στέρνοιο
620 4185 675 4247 καὶ
700 4178 839 4261 ἀσπίδος
861 4179 1095 4275 ὀμφαλοέσσης
1318 4181 1354 4244 95

299 4283 355 4343 καὶ
377 4276 432 4344 διά
457 4276 615 4368 θώρηκος
639 4279 792 4371 πρόσθεν
813 4288 1019 4372 ἐληλαμένας.
