2964 4814
123 387 160 450 Si
183 401 285 452 tamen
308 407 325 450 e
347 385 440 450 nobis
462 385 581 471 aliquid
604 385 664 448 nisi
687 407 802 448 nornen
824 397 856 448 et
879 387 990 448 umbra

187 493 316 566 Restat,
340 489 371 551 in
394 473 504 568 Elysia
527 489 607 550 velle
633 487 779 550 Tibullus
801 487 876 550 erit.

125 592 249 656 Obvius
271 591 345 653 huic
368 591 473 654 venies
496 592 614 653 hedera
637 588 788 652 iuvenilia
811 588 933 652 cinctus

192 697 354 774 Tempora
377 713 447 754 curu
473 691 598 767 Calvo,
625 693 718 754 docte
742 690 888 765 Catulle,
912 701 993 764 tuo;

125 797 178 857 Tu
201 815 348 877 quoquc,
373 792 412 872 (si
434 793 549 856 fulsuui
573 804 621 854 est
641 790 788 854 temerati
810 792 930 854 crimen
954 791 1078 868 amici,)

189 895 356 978 Sanguinis
380 905 474 978 atque
497 892 617 955 animae
640 893 778 978 prodige
802 894 896 956 Galle
919 905 1004 956 triae.

126 995 190 1060 His
207 1017 313 1059 comes
325 998 437 1058 cimbra
450 1005 502 1057 tua
516 1007 579 1073 est,
596 995 623 1056 si
641 996 715 1078 quiid
728 993 823 1059 modo
838 995 986 1076 corporis
998 997 1109 1058 umbre
1122 1005 1188 1058 est:
1208 996 1247 1058 65

188 1098 317 1161 Auxisti
339 1117 505 1173 numeros,
534 1097 617 1159 culte
642 1095 788 1171 Tibulle,
813 1097 899 1177 pios.

128 1201 214 1263 Ossa
237 1199 357 1282 quieta,
381 1219 519 1280 precor,
544 1209 611 1260 tuta
635 1197 824 1279 requiescite
846 1196 876 1259 iu
901 1219 980 1261 urna

189 1304 233 1364 Et
256 1301 296 1364 sit
316 1301 432 1364 humus
454 1299 553 1363 cineri
576 1319 640 1362 non
664 1319 801 1363 onerosa
824 1303 899 1363 tuo!

338 1489 567 1553 TRISTIUM
600 1488 677 1550 Lus.
702 1488 767 1550 tv.
793 1487 973 1552 ELEGlA
996 1487 1044 1550 Χ.

124 1609 187 1672 Ilia
209 1630 272 1692 ego
295 1608 349 1693 qui
369 1608 482 1672 fuerim
506 1620 689 1670 teucrorum
713 1608 803 1670 lusor
825 1628 990 1682 umorum,

190 1712 292 1791 Quem
313 1709 414 1794 legis,
439 1721 473 1771 ut
494 1707 602 1784 noris,
627 1708 751 1790 accipe,
778 1699 966 1790 posteritas.

125 1811 239 1875 Sulmo
261 1811 337 1874 mihi
359 1809 464 1893 patris
488 1822 555 1887 est,
581 1809 693 1893 gelidis
716 1809 895 1874 uberrimus
919 1809 1030 1886 undis,

189 1911 284 1975 Milia
304 1913 358 1996 qui
381 1911 493 1976 novies
516 1912 612 1974 distat
632 1914 673 1974 ab
695 1913 784 1976 Urbe
808 1915 928 1974 decem.

125 2014 241 2077 Editus
262 2015 313 2076 hic
336 2035 398 2098 ego
420 2035 509 2077 sum:
534 2035 677 2076 necnon
701 2025 734 2076 ut
757 2025 902 2094 tempora
925 2015 1032 2087 noris,

192 2116 297 2195 Quom
322 2115 432 2178 cecidit
453 2115 523 2178 fato
547 2115 669 2179 Consul
692 2126 826 2199 uterque
849 2113 931 2195 pari.

126 2218 161 2282 si
184 2218 260 2302 quid
281 2218 314 2278 id
335 2229 401 2292 cst,
426 2237 525 2300 usque
548 2239 565 2279 a
588 2217 720 2298 proavis
743 2228 834 2279 vetus
859 2215 978 2278 ordinis
1001 2217 1115 2294 hores,

191 2321 266 2382 Non
289 2319 383 2381 modo
406 2319 570 2381 Fortunae
593 2339 721 2380 inuuere
743 2317 848 2379 factus
871 2337 981 2399 eques.

125 2423 197 2484 Nec
219 2419 314 2500 stirps
336 2418 438 2499 prima
458 2418 524 2494 fui,
550 2417 661 2500 genito
683 2417 743 2480 iani
767 2418 867 2481 fratre
890 2406 1035 2493 creatus,

191 2519 255 2600 Qui
277 2520 377 2582 tribus
400 2530 473 2582 unte
496 2530 609 2604 quater
633 2521 790 2582 mensibus
816 2531 907 2583 ortus
930 2531 1011 2581 erat.
1209 2526 1250 2584 to

128 2622 264 2685 Lucifer
287 2625 451 2685 amborum
474 2621 631 2683 natalibus
655 2621 755 2684 adfuit
776 2621 880 2698 idem;

190 2724 263 2786 Una
286 2723 446 2785 celebrata
468 2734 516 2784 cst
538 2743 597 2802 per
620 2725 684 2785 dito
707 2722 769 2784 liba
794 2723 874 2786 dics.

125 2827 288 2888 Haec-est
310 2824 486 2906 armigerae
508 2823 597 2887 festis
620 2827 659 2886 de
681 2823 821 2908 quinqua
844 2825 1031 2903 Mineruae,

124 3048 222 3088 secutus
241 3048 278 3087 cst
296 3045 367 3088 etiam
388 3044 466 3098 laha.)
513 3042 554 3092 tt.
576 3043 668 3103 oenias]
687 3045 762 3089 Codd.
786 3045 893 3103 plerique
911 3047 957 3091 Ed.
978 3061 1015 3102 pr.
1037 3049 1092 3092 Tib.
1113 3073 1144 3084 -
1164 3052 1249 3095 ornias

125 3126 155 3156 ex
176 3110 200 3156 2.
221 3113 297 3156 Codd.
315 3113 396 3156 Heius.
453 3111 494 3157 62.
515 3114 544 3157 C.
564 3114 670 3158 Licinius
690 3115 778 3158 Calvus
791 3115 1033 3168 „iaettndirsimus”
1053 3118 1147 3163 Catullo
1161 3120 1189 3164 C.
1206 3117 1248 3164 11.

125 3181 179 3224 Cic.
198 3182 227 3223 ad
245 3181 298 3225 Diu.
318 3179 341 3236 7,
362 3178 411 3236 24;
444 3179 485 3234 15,
505 3180 547 3226 21.
568 3185 636 3228 Brut.
657 3181 699 3228 81.
728 3184 787 3226 Eius
805 3185 844 3227 vix
863 3187 983 3229 sexdecim
1000 3201 1082 3230 versus
1103 3194 1247 3242 supersunt,

124 3251 149 3293 in
174 3249 260 3305 quibus
279 3249 356 3293 iilud:
392 3249 573 3309 Fortunamque
600 3251 673 3296 cisum
693 3251 814 3296 Venerem
833 3253 943 3298 Macrob.
964 3255 990 3298 S.
1018 3251 1050 3308 ³,
1071 3254 1096 3298 8.
1153 3253 1194 3304 ⁶³.
1216 3263 1249 3300 te·

123 3323 238 3362 moratas
257 3319 354 3361 amicus
372 3323 408 3362 est
427 3319 554 3374 Tibu11us;
581 3322 697 3366 incertum
717 3335 787 3380 vero,
812 3336 857 3378 qua
879 3324 903 3366 iu
922 3337 964 3376 re,
986 3338 1013 3366 an
1034 3324 1056 3367 iu
1080 3337 1195 3382 agrorum
1214 3327 1250 3368 di·

123 3388 233 3440 visione,
263 3388 348 3431 Gustus
372 3401 425 3432 eum
447 3389 584 3432 offenderit.
641 3388 680 3437 65.
712 3391 746 3432 Ita
765 3390 840 3434 Codd.
863 3387 887 3438 1.
910 3392 993 3435 Heius.
1016 3392 1045 3435 B.
1064 3387 1125 3436 Atii:
1157 3393 1182 3436 si
1201 3407 1250 3451 qua
1323 3409 1325 3414 ·

121 3460 163 3500 est
181 3453 253 3500 modo
274 3457 389 3514 corporis
406 3456 505 3500 ambra.
542 3462 626 3502 Arnon.
649 3457 672 3514 1,
694 3456 734 3512 12,
758 3456 781 3503 3.
820 3457 912 3502 Omnia
931 3466 990 3504 saut
1007 3459 1105 3518 aliquid
1113 3462 1246 3517 -;P1·op.

123 3522 149 3578 4,
173 3521 197 3579 1,
219 3523 243 3569 1.
263 3531 322 3569 sant
339 3525 437 3584 aliquid
453 3523 555 3572 Manes.

444 3642 602 3686 Tuts'rnnu
620 3643 675 3687 Lus.
697 3643 739 3686 tv,
777 3643 872 3688 ELEG.
892 3643 927 3686 X.

197 3734 222 3782 5.
242 3737 267 3780 si
283 3726 393 3793 tempora
411 3738 514 3795 quaeris
534 3738 594 3783 Cod.
614 3739 683 3783 Rich.
693 3737 792 3784 ,Nonou
808 3739 853 3783 Est
866 3739 962 3797 elegans
976 3740 1166 3794 iutsrpotatiocx
1180 3741 1246 3784 Fast.

124 3806 156 3860 6,
180 3803 249 3858 767„
274 3808 310 3850 cui
330 3811 407 3850 tauron
424 3808 504 3850 obstat
521 3809 637 3862 particula
658 3820 762 3852 necnon.
781 3805 805 3852 6.
833 3822 856 3856 u.
878 3823 907 3852 c..
922 3805 980 3852 711.
1001 3822 1024 3851 v.
1044 3809 1072 3852 ad
1096 3808 1152 3853 Tib.
1173 3805 1203 3864 3,
1222 3807 1246 3864 5,

124 3874 169 3919 18.
226 3872 249 3918 1.
273 3876 306 3918 lta
324 3875 407 3918 Burin.
428 3875 492 3918 idern
507 3889 590 3920 versus
614 3879 701 3935 legitur
720 3877 772 3919 siue
794 3877 842 3920 ulia
861 3877 975 3921 varietate
997 3883 1081 3921 Asuor.
1103 3874 1134 3930 3,
1162 3876 1201 3932 15,
1223 3876 1247 3924 5.

122 3943 153 3988 si
172 3941 233 4001 prid
258 3950 282 3988 et
298 3943 339 3998 (id
360 3943 455 3997 flsins.)
479 3957 495 3986 a
517 3947 622 4000 proavis
647 3959 723 4005 aspris
747 3949 785 3989 est
803 3958 824 3988 o.
844 3959 868 3989 o.
888 3943 914 3990 t.
934 3946 1018 3990 Heius.
1038 3945 1069 3990 N.
1092 3949 1134 3990 sed
1153 3947 1248 3992 facilior

123 4017 178 4058 erut
196 4011 305 4060 Ovidius.
370 4010 392 4057 ⁹.
415 4025 470 4056 ram
488 4009 576 4070 scutra
601 4015 657 4061 Atii.
715 4011 756 4057 13.
782 4012 952 4074 Quinquatrus
971 4028 992 4061 s.
1014 4013 1182 4075 Quinquatria
1200 4020 1258 4061 sol?

125 4083 207 4126 ieiune
228 4081 351 4125 Minervae
364 4083 417 4125 iude
438 4095 451 4123 a
471 4081 540 4126 XtV.
561 4084 616 4127 Kal.
636 4085 695 4137 Apr.
716 4082 782 4126 Post.
805 4079 828 4136 3,
850 4079 909 4127 810.
945 4082 1100 4143 Nominaqus
1119 4098 1135 4128 a
1153 4086 1247 4130 iunctis

122 4151 232 4208 quinque
250 4148 337 4194 diedesa
360 4148 467 4201 isaiano
491 4152 617 4210 sangiune
634 4153 719 4208 prima
737 4156 829 4204 cacat,
861 4163 905 4194 nas
917 4147 965 4208 sas
991 4165 1142 4197 concinnare
1153 4151 1247 4212 [ενι-0,·

122 4215 229 4270 Causa,
261 4218 327 4276 quod
351 4223 389 4263 est
413 4218 459 4261 illa
477 4225 537 4262 nata
554 4217 670 4264 Minerua
689 4218 743 4272 dis,
765 4219 852 4266 Altera
871 4225 970 4277 tresque
989 4233 1065 4278 supsi-
1083 4227 1166 4266 strata
1185 4224 1249 4266 aets-

122 4288 231 4332 brantar
250 4301 338 4332 artua.
