2964 4814
216 167 276 230 lto

275 321 404 387 Fertilis
427 319 544 384 aestiva
567 311 660 383 Nilus
684 320 821 383 abundet
843 317 951 402 aqua?

121 489 126 496 ,
213 425 288 489 Nile
309 435 421 506 pater,
447 443 580 507 quanam
603 441 732 502 possum
755 431 788 482 te
810 418 914 483 dicere
938 438 1033 482 eausa

277 527 344 590 Aut
365 525 480 609 quibus
501 524 533 586 in
556 523 649 586 terris
672 519 850 586 occuluisse
872 520 992 602 eaput?
1075 583 1079 592 ,

215 631 264 692 Te
286 639 424 711 propter
445 626 550 690 nullos
573 625 665 687 tellus
687 615 741 687 tua
764 623 905 704 postulat
924 622 1065 699 imbres,
1142 651 1147 659 ’
1171 671 1174 678 .

276 728 378 794 Arida
402 748 461 790 nee
482 725 600 791 Plurio
623 725 783 808 supplicat
805 726 906 788 berba
928 723 1016 788 lovi.

215 833 264 893 'l'e
287 828 373 894 canit
393 839 487 913 atque
510 848 600 890 suum
625 828 726 908 pubes
750 825 883 888 miratur
906 823 1026 888 Osirim

277 931 440 1004 Barbara,
463 927 663 1010 Memphiten
685 927 838 1010 plangere
860 929 962 990 docta
978 929 1108 991 bovem.

213 1031 342 1097 Primus
362 1041 468 1093 aratra
491 1049 584 1092 manu
606 1028 731 1092 sollerti
756 1027 832 1092 lecit
855 1027 960 1092 Osiris

276 1135 322 1196 Et
343 1145 483 1196 teneram
505 1130 597 1193 ferro
620 1129 805 1193 sollicitavit
828 1131 977 1204 brianum,
1009 1173 1012 1180 ·

212 1235 341 1300 Primus
362 1233 546 1314 inexpertae
569 1230 726 1302 commisit
748 1231 866 1294 semina
887 1243 994 1295 terrae
1052 1303 1054 1310 Α

275 1337 442 1419 Pomaque
465 1355 529 1398 non
552 1332 636 1396 notis
658 1333 737 1416 legit
756 1335 796 1394 ab
819 1331 1011 1396 arboribus:

212 1437 276 1501 Hic
299 1436 407 1501 docuit
427 1448 565 1500 teneram
590 1433 668 1516 palis
690 1434 862 1517 adiungere
887 1432 1004 1510 vitem,

275 1540 340 1602 Hic
361 1537 494 1601 viridem
517 1538 595 1598 dura
622 1538 755 1598 caedere
775 1535 859 1598 salec
883 1556 1027 1600 coenam:

212 1641 265 1703 Illi
286 1640 440 1702 iucundos
461 1637 596 1719 primum
621 1649 741 1699 matura
764 1657 898 1718 sapores

276 1740 441 1822 Expressa
464 1739 589 1802 incultis
614 1736 786 1800 uvadedit
807 1737 956 1819 pedibus.

212 1842 272 1906 Ille
295 1841 403 1924 liquor
426 1839 536 1904 docuit
558 1857 659 1902 voees
679 1838 839 1902 inflectere
861 1851 974 1916 cantii,

276 1942 386 2006 Movit
407 1955 437 2005 et
461 1945 499 2004 ad
519 1953 625 2004 certos
649 1941 754 2004 nescia
777 1943 916 2003 membra
940 1947 1066 2007 modos.

213 2046 359 2108 Bacchus
382 2054 415 2106 et
434 2042 598 2126 agricolae
621 2041 749 2124 magno
764 2042 910 2104 conlecta
935 2043 1047 2108 labore

274 2148 416 2210 Pectora
437 2143 582 2208 tristitiae
605 2143 930 2206 dissoluendavdcdit.

213 2235 358 2312 Baeebus
381 2258 411 2310 et
432 2246 561 2309 afflictis·
576 2245 720 2327 requiem
748 2247 936 2308 mortalibus
960 2249 1071 2323 affert,

276 2348 382 2414 Crura
405 2349 479 2412 lieet
500 2341 580 2410 'deira
604 2350 758 2428 compede
779 2348 871 2428 pulsa
898 2361 1022 2411 sonent.

212 2454 288 2516 Non
311 2450 371 2513 tibi
394 2462 466 2513 seint
489 2449 595 2512 tristes
619 2469 715 2510 curae
739 2469 797 2510 nec
819 2450 940 2525 luctus,
967 2449 1075 2526 Osiri,

276 2556 343 2617 Sed
364 2555 481 2614 chorus
507 2562 539 2613 et
559 2562 670 2613 cantus
694 2550 827 2614 etlevis
850 2561 942 2632 aptus
965 2573 1071 2626 a1110r3

214 2657 277 2720 Sed
301 2652 379 2718 varii
400 2654 498 2717 flores
523 2667 553 2715 et
575 2652 666 2716 frons
692 2652 835 2716 redimita
859 2655 1038 2732 corymbis,

277 2759 363 2822 Fusa
387 2758 442 2818 sed
466 2758 503 2816 ad
527 2767 656 2818 teneros
680 2755 762 2816 lutea
785 2755 867 2836 palla
892 2757 989 2836 pedes

212 2977 295 3035 tinget
313 2998 322 3009 -
341 2973 422 3019 elene.
478 2970 518 3016 18.
539 2974 645 3027 „Syria‚
678 2978 702 3017 ut
721 2975 766 3018 late
786 2973 896 3029 patebat,
930 2978 1025 3029 praeter
1044 2973 1150 3028 Coelen,
1172 2977 1332 3034 Phoenicen,

213 3050 284 3089 etiarn
302 3043 462 3105 Palaestinam
481 3042 625 3086 continebat.
663 3043 738 3096 Syros
757 3057 770 3084 a
795 3044 919 3088 vescendis
940 3043 1057 3088 columbis
1077 3044 1238 3099 abstiuuisse,
1258 3046 1335 3090 etiarn

213 3127 242 3158 ex
259 3112 366 3157 buriano
390 3109 420 3154 de
449 3109 506 3154 Dee
528 3109 609 3170 Syrie
636 3116 717 3154 uotum
747 3114 809 3156 est.''
833 3113 910 3166 lleyn.
971 3109 1013 3156 22.
1034 3112 1144 3157 abundet
1167 3115 1242 3157 Codd.
1271 3116 1331 3171 aliq.

164 3184 167 3191 '
213 3182 282 3239 prob.
302 3181 333 3224 ll.
355 3185 378 3224 et
395 3180 503 3224 Censoee
519 3179 586 3234 Lips.
654 3177 695 3224 23.
713 3181 811 3238 possim
830 3182 906 3226 Codd.
927 3181 983 3237 aliq.
1001 3183 1032 3224 V.
1052 3183 1080 3225 B.
1097 3182 1126 3225 1..
1163 3183 1194 3226 Ar
1218 3182 1333 3241 ignorun-

212 3252 269 3296 liatn
293 3251 396 3302 fatetur,
427 3262 502 3305 neque
530 3262 587 3292 sero
616 3254 699 3303 optat,
733 3253 758 3292 ut
784 3262 881 3294 eausam
906 3251 935 3294 ab
962 3252 1014 3303 ipso
1034 3250 1098 3294 lluvii
1119 3251 1171 3294 Deo
1190 3257 1332 3310 cognoseat.

213 3318 255 3365 27.
276 3318 366 3364 Osirin
384 3319 416 3362 V.
470 3315 513 3362 28.
535 3318 552 3361 i.
573 3331 595 3361 e.
615 3317 704 3374 Apim3
719 3317 764 3361 ete.
783 3317 848 3362 Ptin.
869 3319 898 3361 ll.
913 3318 944 3362 N.
963 3317 993 3372 8,
1015 3315 1056 3363 tt.
1095 3316 1136 3363 34.
1157 3333 1234 3363 curve
1250 3321 1333 3365 Aucti.

212 3389 276 3434 coni.
315 3385 356 3434 36.
377 3388 394 3430 i.
414 3400 437 3432 e.
452 3385 705 3430 nudis.—-edduetis
723 3387 805 3431 lleins.
819 3386 947 3431 -inlotie
966 3388 1026 3430 Stat.
1082 3385 1123 3432 tc.
1144 3389 1250 3432 tristitie
1268 3390 1331 3433 Stat.

211 3456 323 3502 loetitiae
346 3457 412 3499 Mne.
456 3456 501 3499 Sed
518 3454 693 3498 tristitice‘sst
711 3468 780 3500 casus
798 3459 925 3500 secundus.
946 3457 1035 3514 lesige:
1078 3454 1210 3509 ¹‚linceius
1224 3463 1335 3514 pectora

212 3527 343 3586 egrieolce
362 3522 461 3582 (gessit.)
480 3522 547 3568 dedit
561 3522 722 3567 dissolvenda
739 3524 874 3577 tristitiee;
894 3525 926 3568 ita
939 3530 1005 3568 recte
1018 3526 1104 3568 dieitur
1116 3526 1200 3584 legum
1222 3527 1331 3570 solutus.

214 3595 267 3638 Lir.
288 3592 336 3648 21,
358 3591 400 3636 62.
419 3593 533 3636 lecerunt
551 3591 662 3634 enititum
682 3591 842 3650 religionis.”
862 3593 891 3636 ll.
919 3594 971 3640 Cle.
993 3593 1076 3637 llorat.
1097 3593 1143 3637 Od.
1166 3591 1195 3645 3,
1218 3593 1265 3647 ll,
1286 3593 1331 3639 2l.

212 3677 268 3707 eum
288 3659 400 3721 sernulie
430 3674 532 3718 opernm
555 3658 655 3702 solutis.
712 3657 754 3702 tt.
776 3672 871 3715 presse
888 3673 932 3714 pro
947 3661 1025 3717 pulso
1042 3662 1115 3709 Puee.
1183 3659 1224 3706 ll.
1243 3660 1331 3717 dulei,

213 3731 274 3776 Cod.
299 3731 374 3775 Goth.
394 3732 425 3774 V.
447 3729 476 3773 B.
498 3749 527 3760 ·-
548 3725 632 3770 dulcio
651 3726 695 3770 Ed.
722 3741 758 3781 pr.
781 3749 809 3760 -
829 3727 912 3772 duleis
931 3730 1030 3785 reliqui.
1050 3730 1079 3773 L.
1103 3730 1148 3774 eir.
1167 3728 1200 3784 2,
1231 3729 1260 3783 1,
1287 3729 1331 3774 8⁶.

214 3797 257 3844 ib.
275 3798 348 3844 ludos
367 3799 465 3843 retinuit
482 3796 600 3850 baebiu.;
620 3799 675 3839 tune
694 3797 839 3840 constructio
859 3799 919 3842 erit:
934 3798 1101 3851 „concelebro
1120 3801 1213 3842 eentum
1235 3799 1333 3843 choreis

214 3870 283 3912 ludos
306 3867 454 3924 Geniumque
471 3865 488 3909 i.
507 3878 529 3909 s.
550 3865 618 3907 ludos
637 3866 659 3908 in
679 3865 748 3909 Genti
767 3864 884 3910 honorem
902 3867 1006 3913 iactos.’'
1034 3867 1080 3909 aui
1101 3866 1161 3910 Cod.
1186 3872 1210 3911 et
1233 3869 1329 3924 Vulgo:

91 3973 93 3982 ,
138 3989 144 3993 .
212 3934 291 3984 tedis.
311 3935 467 3990 „concelebra
486 3931 588 3977 Genium
613 3938 707 3979 centum
728 3935 790 3978 ludis
813 3940 836 3978 et
854 3936 975 3979 ehoreis.'’
994 3955 1027 3966 -
1045 3933 1152 3978 Genium
1172 3934 1256 3988 lodie,
1282 3933 1332 3980 Ge-

213 4002 457 4064 niumqueelroreie.
484 4002 574 4045 Marti.
599 4002 676 4055 llere.
700 4025 728 4036 -
749 4009 864 4048 eenetnm
881 4003 940 4048 ledo
964 4001 1119 4062 Geniumque
1137 4003 1225 4057 Guyet.
1245 4006 1276 4048 V.
1300 4025 1329 4035 -

214 4072 335 4130 (Genium
363 4069 432 4115 lodie
455 4077 598 4130 centumque
623 4069 662 4117 ele.
689 4072 794 4116 lleseblt.
823 4072 898 4126 coni.)
952 4069 994 4116 51.
1014 4070 1134 4116 etnntdo
1151 4073 1181 4115 L.
1237 4069 1278 4117 52.
1299 4069 1338 4126 (Ε

122 4194 123 4202 ¹
214 4136 482 4201 cepteefleymont.)
519 4137 559 4185 53.
579 4141 629 4184 Pro
642 4139 687 4185 tibi
704 4139 759 4184 dem
779 4142 855 4194 lleyn.
868 4141 941 4186 Golb.
959 4140 1048 4184 e·Cdd.
1064 4141 1247 4198 utq.:·-tttt
1261 4140 1329 4186 dreni.

215 4212 260 4255 Sed
279 4207 424 4255 constructio
451 4209 520 4254 buius
543 4209 661 4254 formulae
687 4222 729 4264 pce
752 4210 836 4265 partie.
857 4209 896 4254 sie
915 4209 1042 4276 precandi,
1072 4205 1224 4266 obtestandi,
1257 4210 1331 4254 obse-
