2952 4826
174 410 223 472 Re
246 424 387 488 veraque
410 413 508 466 metus
531 381 693 466 bominum
717 420 875 486 curaeque
897 419 1047 484 sequaces

174 511 247 572 Nec
269 516 408 570 metuunt
423 503 545 569 sonitus
563 524 726 568 armorum
744 523 804 566 nec
826 501 896 565 sera
915 501 997 574 tela;

177 611 400 694 Audacterqne
418 604 502 670 inter
523 627 618 690 reges
639 625 808 691 rerumque
829 602 989 686 potenteis

178 713 359 776 Vorsantur
379 730 480 794 neque
500 707 662 792 fulgorem
685 717 874 771 reverentur
894 707 934 769 ab
953 725 1031 768 auro

175 812 245 876 Nec
271 811 390 875 clarum
410 810 508 874 vestis
527 810 729 892 splendorem
752 803 946 891 Purpureai:
1101 873 1105 880 ,

170 913 262 995 'Quid
281 912 420 990 dubitas,
443 913 520 998 quin
542 911 637 977 omni'
658 911 699 974 sit
719 913 799 975 haec
819 909 946 976 rationi’
970 919 1127 992 potestas,

175 1015 288 1081 Omnis
309 1036 406 1101 quom
426 1015 460 1079 in
481 1013 620 1078 tenebris
641 1012 828 1096 praesertim
852 1012 917 1076 vita
939 1011 1087 1076 laboret?

173 1121 256 1182 Nam
279 1116 377 1182 veluti
399 1115 509 1200 puerei
528 1116 689 1200 trepidant
709 1127 802 1201 atque
826 1115 931 1181 omnia
952 1114 1054 1178 caecis

175 1223 214 1288 ln
234 1219 375 1284 tenebris
397 1231 557 1284 metuunt:
583 1218 630 1282 sic
651 1240 710 1283 nos
731 1218 764 1280 in
786 1218 857 1282 luce
879 1217 1023 1280 timemus

174 1325 357 1398 Interdum,
381 1320 480 1386 nihilo
504 1343 585 1407 quae
608 1332 679 1384 sunt
698 1312 870 1384 metuenda
886 1318 986 1405 magis
1011 1343 1104 1406 qnam

176 1426 266 1506 Quae
287 1424 398 1507 puerei
416 1423 604 1488 intenebris
625 1421 770 1506 pavitant
789 1423 975 1507 linguntque
996 1423 1115 1486 futura.

175 1528 272 1591 Hunc
291 1525 391 1611 igitur
409 1537 569 1591 terrorem
594 1523 691 1589 animi
712 1527 923 1609 tenebrasque
945 1536 1102 1588 necessest

176 1633 254 1695 Nou
271 1629 371 1694 radiei
392 1629 469 1694 solis
491 1651 592 1714 neque
610 1629 715 1692 lucida
735 1626 797 1689 tela
820 1625 882 1690 dici

177 1731 372 1807 Discutiunt,
396 1735 451 1795 scd
473 1743 603 1795 naturae
624 1730 746 1813 species
768 1729 928 1816 ratioque.

526 1916 603 1980 Lib.
620 1916 669 1979 ΙΙ.
694 1939 726 1978 ν.
743 1917 934 1982 590-659.

240 2038 427 2122 Principio,
450 2037 543 2101 tellus
565 2039 660 2100 habet
678 2037 709 2100 in
733 2059 765 2100 se
787 2059 928 2120 corpora
949 2037 1068 2120 prima,

177 2145 269 2208 Unde
292 2163 377 2205 mare
396 2140 580 2204 immensum
599 2139 766 2204 volventes
785 2139 914 2225 frigora
934 2141 1040 2204 fontes

178 2233 316 2310 Assidue
339 2254 513 2307 renovent:
538 2244 650 2318 habet,
671 2241 761 2326 ignes
783 2246 866 2307 unde
890 2243 1048 2307 oriantur.

178 2349 262 2410 Nam
285 2344 391 2408 multis
409 2366 559 2408 succensa
579 2345 660 2408 locis
681 2349 791 2408 ardent
809 2344 878 2409 sola
900 2357 1024 2418 terrae;

177 2447 316 2513 Eximiis
338 2470 417 2511 vero
440 2447 518 2510 furit
540 2445 668 2532 ignibus
690 2447 824 2530 impetus
846 2451 984 2512 Aetnae.

179 2555 263 2614 Tum
284 2572 387 2632 porro
405 2548 519 2613 nitidas
539 2550 650 2634 fruges
668 2553 858 2635 arbustaque
875 2550 957 2614 laeta
1010 2603 1015 2614 .

180 2652 338 2717 Gentibus
358 2652 501 2716 humanis
521 2655 618 2716 habet
638 2655 719 2715 unde
741 2653 896 2717 extollere
919 2655 1041 2736 possit:

177 2865 289 2918 fuerunt,
309 2869 417 2918 utsupra
433 2869 487 2919 post
505 2877 527 2907 v.
549 2861 590 2908 20.
607 2863 718 2919 Gottorp.
739 2869 762 2909 et
779 2864 888 2908 similiter
905 2865 936 2910 E.
950 2864 1010 2910 Edd.
1023 2869 1081 2910 vett.
1096 2866 1196 2911 habeut:
1217 2867 1288 2910 SAR-

178 2932 622 2978 cosuvssun'rnscn'rasrssmn
653 2934 670 2976 t.
699 2947 721 2978 a.
750 2928 863 3002 σαρκὸς
884 2927 1027 2996 adorate,
1052 2933 1236 2999 κατάστημα.
1265 2942 1289 2980 et
1385 2934 1386 2939 ’

179 3003 235 3048 Lib.
251 3001 275 3050 1.
293 3008 347 3058 post
358 3016 381 3047 v.
397 3000 455 3048 949.
471 3001 531 3046 Cot.
544 3002 592 3050 E.:
613 3001 721 3060 Toputt'o
734 3003 836 3060 pironto
853 3005 1009 3064 gorgept‘ros
1027 3018 1190 3049 menonocroe
1209 3021 1226 3053 ι.
1248 3019 1286 3059 e.,

179 3075 204 3118 ut
222 3073 309 3127 fsttor,
329 3067 363 3120 cb
384 3068 441 3121 πᾶν
458 3063 594 3142 ἄπειρον·
613 3067 647 3120 τὸ
668 3066 726 3140 γὰρ
743 3073 964 3139 πεπερασμένον
983 3065 1075 3143 ἄκρον
1095 3066 1158 3133 ἔχει
1180 3097 1208 3106 -
1232 3089 1288 3129 pro·

179 3143 301 3200 digialiter
319 3147 374 3186 sunt
391 3141 513 3196 corrnp'tn.
550 3141 582 3184 Et
599 3147 677 3186 tamen
697 3143 743 3186 tate
763 3147 895 3197 portentum
908 3143 946 3186 hic
958 3144 1057 3187 subesse
1075 3149 1154 3198 potrus
1171 3145 1289 3199 suspicari

179 3213 252 3265 libet,
273 3225 342 3269 quarn
360 3216 386 3254 ut
402 3212 449 3255 sint
466 3223 551 3256 versus
569 3211 694 3255 deformati
710 3216 751 3254 ant
765 3212 839 3266 ipsius
855 3211 960 3256 Lucretii
974 3215 1085 3256 rutulius
1103 3215 1186 3268 politae
1199 3213 1286 3257 Latini.

179 3281 280 3325 llibrida
298 3285 353 3324 snut
370 3281 440 3324 etiam
459 3281 499 3324 illa
518 3280 578 3324 coa.
597 3280 627 3324 E.
647 3280 702 3325 Lib.
720 3277 750 3334 2,
772 3278 847 3326 1058.
872 3281 1004 3326 nsPtttos
1022 3282 1164 3330 MUNDOS.
1198 3283 1289 3326 Rursus

179 3355 235 3407 post
251 3363 275 3394 v.
293 3347 334 3393 tt.
354 3348 414 3394 Edd.
434 3355 489 3406 post
510 3350 594 3394 anb.
617 3350 765 3394 inculcurunt
787 3347 998 3420 διττογρᾳφίαν
1017 3350 1149 3396 Nonianum
1168 3354 1191 3396 in
1209 3350 1291 3396 Ferret

179 3434 204 3476 p.
221 3416 278 3464 7⁶7.
299 3419 427 3466 comete:
458 3418 561 3464 Feroere
579 3430 651 3478 quom
669 3419 754 3464 videas
772 3421 880 3464 cloccam
898 3419 994 3479 lateque
1012 3421 1120 3481 cogare,
1138 3423 1161 3465 in
1180 3435 1226 3478 qna
1244 3435 1289 3478 ego

179 3491 260 3545 potins
278 3482 402 3551 σφάλμα
419 3483 606 3552 μνημονικόν
625 3503 694 3547 quum
718 3487 862 3533 cutn'b'orb.
880 3491 980 3532 alterius
997 3491 1145 3534 recensionis
1164 3491 1290 3548 vestigium

180 3571 295 3616 agnosco.
332 3557 397 3616 Ergo
417 3573 479 3603 nutrc
498 3559 597 3612 sustuli,
628 3560 700 3603 etiem
718 3559 746 3602 de
765 3558 850 3616 Pinzg.
871 3563 997 3603 sententia.
1035 3559 1144 3604 citantes
1163 3564 1242 3602 autem
1261 3572 1289 3603 ex

181 3629 220 3671 bis
236 3627 354 3672 Nonianis
373 3633 396 3672 et
414 3628 523 3671 lemmate
542 3629 584 3672 illo
603 3627 706 3670 barbaro
720 3629 777 3672 haec
791 3626 922 3673 confinxit:
941 3627 971 3671 st
988 3641 1037 3671 uon
1048 3624 1119 3686 sorte
1138 3633 1194 3671 tuus
1211 3629 1290 3687 legio-

179 3710 226 3741 nes
239 3710 290 3754 per
307 3696 363 3740 loen
380 3697 463 3753 compi
479 3695 585 3740 Fervere
604 3711 675 3756 quom
694 3697 794 3751 videos,
815 3698 923 3742 classem
939 3699 1036 3755 lateque
1054 3698 1145 3757 ougnrr'
1157 3695 1290 3743 Ornatam·
1352 3727 1355 3731 -

179 3780 226 3826 que
244 3765 325 3811 armis
344 3764 401 3809 betta·
418 3766 557 3810 simulacro
575 3767 680 3811 cientem
699 3765 746 3812 Hie
764 3767 809 3810 tibi
827 3772 872 3812 cet.
921 3763 962 3810 lt.
982 3773 1032 3810 tum
1052 3766 1181 3821 Gottorp.,
1202 3768 1291 3822 optimu

179 3835 320 3879 auctoritas.
337 3835 366 3879 Α.
380 3836 409 3883 L.
428 3859 461 3870 ·-
478 3849 535 3880 cum
554 3835 582 3882 C.
600 3836 629 3880 E.
644 3838 686 3880 W.
700 3836 729 3880 F.
767 3833 809 3880 113.
828 3837 917 3880 timore
932 3831 992 3880 cot.
1003 3837 1064 3880 Brit.
1080 3837 1105 3879 2.
1120 3835 1190 3890 prob.
1203 3837 1289 3895 Pinzg.

120 3941 122 3946 .
179 3906 254 3949 Recte
273 3905 348 3949 For-b.
366 3905 471 3950 defendit
493 3910 598 3949 nostram
621 3907 675 3950 tect.
693 3904 809 3948 firmatam
828 3921 841 3948 a
860 3905 890 3950 G.
911 3906 941 3950 E.
996 3901 1038 3948 ll.
1053 3911 1143 3962 pectus
1158 3905 1187 3952 L.
1208 3913 1291 3952 contra

183 3975 217 4018 G.
233 3975 261 4018 C.
276 3973 305 4018 E.
344 3973 385 4020 51.
406 3975 465 4034 quin
479 3987 549 4018 ornne
561 3976 595 4018 rit
606 3973 652 4018 lucc
665 3974 772 4018 rationis
785 3981 896 4032 egestae.
917 3975 981 4018 Hanc
994 3975 1038 4021 dv.
1052 3978 1204 4020 temerarium
1217 3979 1291 4022 iuter·

183 4045 329 4098 potationem
347 4058 429 4089 ornnes
448 4045 522 4090 secuti
541 4050 610 4098 sunt,
631 4059 704 4103 usqne
723 4044 751 4087 nd
770 4044 829 4088 Har.
849 4059 862 4087 a
879 4045 997 4103 Prergero
1015 4046 1066 4090 reri
1084 4047 1237 4092 adtnonitnut.

582 4171 636 4214 Lis.
652 4170 684 4218 11.
704 4183 727 4215 r.
743 4165 900 4216 590-659.

237 4255 296 4302 591.
309 4253 417 4318 frigora
435 4259 452 4302 i.
470 4272 491 4302 e.
512 4258 739 4317 aquamfrigidam,
761 4259 836 4303 Codtl.
853 4263 910 4304 vett.
925 4259 995 4302 etiam
1009 4260 1053 4306 Ar.
1074 4263 1115 4306 W.
1137 4283 1168 4294 ·—
1184 4258 1292 4322 floreius

181 4326 312 4371 arbitr-urin
330 4327 367 4371 Pii
387 4328 520 4372 emendatio
539 4333 679 4372 conservata
697 4329 727 4373 ab
742 4329 868 4383 carnibus,
889 4330 959 4373 otium
978 4328 1070 4375 Eicbst.
