2952 4826
1225 237 1264 300 37

154 443 167 470 „
178 395 245 459 lam
268 393 458 458 desiderium
476 414 584 457 rerum
603 391 718 456 insidet
732 383 870 468 'insuper
893 385 989 447 ΜΓ

154 500 246 579 Quod
267 500 347 560 bene
367 496 393 560 si
413 495 542 560 videant
562 495 669 560 animo
694 487 850 576 dictisque
870 497 1060 572 sequantur,
1205 491 1266 554 915

150 599 337 665 'Dissolvaut
357 596 454 661 animi
476 619 593 682 magno
616 619 649 661 se
671 615 794 681 angore
816 604 976 678 metuque.
1019 621 1030 640 ·

158 705 205 767 Tu
226 701 370 788 quidem,
393 711 428 762 ut
449 721 483 764 es
502 700 588 764 lecto
609 698 753 782 sopitus,
777 695 824 760 sic
848 693 912 758 eris
935 693 1006 758 aevi

157 805 247 886 Quod
268 812 412 886 superest
435 801 558 865 cunctis
578 800 717 883 privatu’
742 797 912 863 doloribus
930 794 1054 880 aegris:

154 910 197 971 At
213 929 272 971 nos
293 904 452 970 horrifico
473 903 665 966 cinefactum
688 913 719 966 te
741 922 845 984 prope
869 902 964 963 busto

153 1007 379 1073 Insatiabiliter
403 1005 589 1071 deflebimus
613 1016 837 1088 aeternumque

152 1111 246 1178 Nulla
263 1110 329 1173 dies
351 1107 445 1175 nobis
467 1129 646 1172 maerorem
670 1128 686 1170 e
709 1117 844 1189 pectore
866 1107 981 1169 demet.

77 1203 80 1210 ¹
151 1214 233 1276 Illud
251 1216 291 1275 ab
309 1215 375 1277 hoc
394 1211 494 1296 igitur
512 1213 779 1296 quaerundumst,
801 1203 879 1292 quid
900 1207 942 1270 sit
961 1206 1059 1270 amari

153 1319 257 1380 Tanto
278 1335 396 1396 opere,
420 1317 460 1376 ad
482 1333 626 1376 somnum
649 1311 676 1375 si
697 1332 749 1374 res
765 1309 847 1373 redit
871 1320 965 1395 atque
985 1307 1141 1393 quietem,

154 1417 243 1498 Quur
262 1415 428 1502 quisquam
452 1412 582 1478 aeterno
604 1412 707 1495 possit
726 1415 892 1476 tabescere
913 1411 1013 1474 luctu.

212 1521 292 1583 Hoc
313 1515 407 1581 etiarn
426 1515 563 1593 faciunt,
586 1514 641 1579 ubi
665 1515 853 1578 discubuere
871 1524 1040 1599 tenentque
1208 1513 1269 1579 925

152 1621 275 1687 Pocula
299 1641 393 1702 saepe
412 1617 556 1683 homines
578 1631 609 1682 et
628 1617 811 1681 inumbrant
833 1637 893 1681 ora
917 1614 1066 1692 coronis,

151 1725 204 1787 Ex
225 1721 332 1786 animo
352 1734 388 1783 ut
408 1721 536 1784 dicant:
565 1768 579 1796 „
591 1719 709 1784 Brevis
730 1719 785 1784 hic
805 1731 853 1783 est
869 1719 994 1782 fructus
1012 1717 1183 1782 homullis:

154 1872 168 1900 „
178 1825 246 1889 lam
267 1822 384 1898 fuerit3
408 1844 510 1907 neque
530 1836 605 1905 post
626 1844 764 1906 unquam
787 1841 945 1886 revocare
967 1819 1125 1884 licebit!”

153 1930 330 2012 Tamquam
348 1924 381 1988 in
404 1936 507 1989 morte
531 1924 697 1987 malicum
719 1922 833 2005 primis
854 1925 919 1987 boc
941 1922 983 1986 sit
1005 1944 1135 1998 eorum,

153 2030 249 2110 Quod
267 2025 337 2091 sitis
360 2038 473 2090 exurat
495 2025 629 2091 miseros
652 2037 746 2110 atque
769 2024 858 2087 arida
880 2034 1003 2089 torreat
1209 2025 1271 2090 930

153 2134 218 2196 Aut
239 2131 322 2194 aliae
345 2127 462 2214 quoius
485 2127 676 2191 desiderium
699 2125 833 2190 insideat
854 2125 917 2190 rci.

152 2236 221 2298 Nec
243 2231 309 2296 sibi
330 2230 414 2296 enim
436 2229 602 2317 quisquam
625 2240 690 2293 tum
714 2250 748 2293 se
770 2227 933 2314 vitamque
954 2227 1108 2313 requirit,

154 2336 259 2417 Quom
284 2333 408 2416 pariter
430 2355 517 2396 mens
539 2343 570 2396 et
591 2354 710 2414 corpus
734 2329 838 2414 sopita
861 2329 1046 2416 quiescunt;

153 2440 235 2501 Nam
255 2437 333 2499 licet
353 2446 514 2498 aeternum
535 2456 594 2515 per
616 2455 675 2498 nos
698 2432 744 2496 sic
765 2454 833 2496 esse
854 2453 1007 2516 soporem

153 2541 222 2604 Nec
241 2536 434 2602 desiderium
456 2534 559 2600 nostri
580 2556 640 2598 nos
660 2533 767 2619 attigit
788 2535 905 2610 nllum;

154 2643 197 2704 Et
218 2653 326 2704 tamen
347 2640 590 2724 haudquaquam
613 2647 744 2701 nostros
765 2647 841 2700 tunc
864 2635 918 2701 illa
940 2658 999 2720 per
1021 2649 1108 2701 artus

155 2874 242 2915 sopore
258 2863 405 2914 occupatus,
425 2859 458 2901 ita
475 2857 527 2903 sine
546 2859 596 2902 ulto
614 2871 685 2902 sensu
704 2858 840 2903 remanebis
849 2859 862 2880 ”
880 2864 927 2903 cet.
954 2858 994 2903 Pii
1007 2859 1135 2905 lectionem
1153 2862 1188 2906 sic
1201 2862 1275 2906 inter-

155 2934 294 2986 pretantur:
326 2933 372 2982 „ut
395 2929 460 2972 soles
484 2941 567 2972 carere
587 2928 651 2972 omni
671 2930 834 2988 aegritudine,
866 2928 906 2972 ubi
925 2942 1023 2974 somnus
1042 2934 1065 2974 te
1084 2930 1107 2973 in
1127 2935 1168 2974 tuo
1188 2931 1275 2976 lectule

155 2999 301 3055 occupavit”
319 3001 366 3043 cet.
397 2996 430 3040 Et
444 2997 503 3040 banc
519 2997 661 3041 sententium
676 2999 802 3056 requirunt
817 3012 845 3043 ea
863 3012 923 3056 quae
939 3003 1069 3056 sequuntur
1084 3012 1108 3043 v.
1124 2996 1183 3045 932.
1202 2999 1275 3045 Recte

157 3070 227 3113 etiem
242 3068 366 3114 Gesner-us
381 3067 405 3110 in
421 3066 496 3110 Thes.
511 3079 533 3110 r.
548 3065 659 3122 Sopitus.
687 3067 746 3120 „nt
766 3069 831 3111 teto:
856 3069 897 3112 sed
914 3067 988 3110 utitur
1006 3068 1133 3112 Lucretius
1152 3069 1276 3114 Socratica

156 3137 376 3196 argumentatione,
396 3135 502 3180 similem
519 3135 624 3180 futuram
642 3138 803 3182 conditionem
814 3138 863 3181 sita
874 3137 1012 3180 functorum
1025 3137 1137 3182 sornno.”
1173 3135 1232 3184 919.
1246 3137 1276 3181 ds

152 3220 230 3264 prope
243 3206 321 3250 Codd.
331 3203 356 3249 l.
369 3202 422 3260 (C.)
436 3205 510 3248 etalii
522 3205 570 3248 Pii.
591 3228 624 3238 -
641 3210 665 3247 te
678 3219 758 3263 prope
776 3206 881 3262 Reliqui,
895 3206 967 3250 etium
978 3205 1008 3250 Ε.
1022 3205 1084 3251 End.
1098 3211 1155 3250 vett.
1166 3207 1234 3250 Me.
1244 3208 1274 3251 ll.

156 3276 223 3320 Facit
239 3276 284 3319 huc
302 3273 395 3317 Marius
409 3273 549 3318 Victorinus
562 3286 585 3327 p.
596 3271 672 3324 1951.
685 3276 716 3320 P.
735 3273 867 3319 Aduerbiis
879 3273 959 3319 adiici
966 3276 1170 3332 praepositiones
1183 3273 1278 3335 negdnt

156 3357 240 3389 omnes
260 3341 382 3396 technics',
414 3342 528 3400 quesnois
551 3342 655 3387 licenter
679 3350 773 3388 ueteres
792 3345 834 3387 usi
851 3349 919 3388 sunt.
957 3342 1091 3388 Terentius
1110 3345 1138 3389 s'n
1154 3342 1275 3404 Hecyra,

157 3413 306 3472 derepente:
325 3412 361 3456 ita
378 3417 401 3455 et
413 3410 546 3455 Lucretius
564 3409 685 3457 desubito.
706 3413 798 3458 Nostius
812 3427 836 3469 p.
849 3409 908 3458 775.
922 3411 1035 3457 Gothotr.
1056 3413 1122 3458 Nunc
1133 3419 1211 3458 tamen
1223 3428 1277 3458 cum

157 3483 232 3526 Forb.
250 3481 352 3538 praetuli
369 3485 406 3534 te,
427 3481 460 3524 ita
475 3486 552 3526 minen
569 3486 726 3538 construens,
747 3496 818 3540 quum
828 3495 907 3540 prope
918 3495 970 3525 cnm
981 3484 1059 3526 dativo
1075 3483 1140 3541 iungi
1157 3487 1274 3538 nequeat:

159 3551 317 3605 ,deflebimus
341 3554 364 3595 te
394 3550 536 3594 cinefactum
564 3548 607 3604 (in)
632 3550 745 3596 horrifico
773 3552 858 3604 busto,
895 3562 969 3605 prope
999 3551 1114 3606 (bustum)
1147 3552 1279 3596 astantes.”

160 3617 217 3666 920.
237 3621 347 3674 „Omnes
364 3619 425 3664 lllss.
445 3621 474 3663 ti.
494 3634 516 3665 e.
534 3624 647 3676 quattuor
666 3625 690 3664 et
707 3621 748 3676 E.)
757 3654 763 3676 ,
793 3619 937 3682 deflevimus
958 3632 1017 3675 quae
1040 3633 1097 3663 vera
1119 3620 1190 3665 lectio
1215 3621 1279 3666 est.”
1317 3663 1320 3668 .

158 3689 236 3734 lieutl.
254 3690 292 3733 cui
308 3689 395 3733 indicio
411 3702 454 3733 uec
469 3688 545 3732 Forb.
562 3702 637 3745 neque
658 3703 703 3748 ego
722 3693 836 3736 accedere
856 3689 985 3742 potuimus.
1036 3686 1094 3734 928.
1114 3686 1169 3732 Iam
1176 3685 1278 3746 suerit,

158 3759 371 3814 fntur.e1actum;
391 3757 496 3812 „fsterit‚
516 3770 592 3814 neque
607 3759 667 3802 adeo
682 3761 729 3803 erit
746 3761 764 3805 i.
779 3776 801 3804 e.
818 3759 944 3803 celerrime
961 3762 1087 3802 evanescet
1102 3759 1148 3802 iste
1161 3759 1280 3804 fructur·

142 3824 219 3872 Ι930.
239 3826 485 3872 certauerant.
506 3827 799 3872 etesuisCtld.La1nb.
828 3828 895 3871 Adeo
911 3827 1040 3872 haeserunt
1057 3829 1194 3882 complures
1212 3829 1235 3873 in
1255 3833 1280 3878 vt
1333 3851 1334 3856 =

159 3901 255 3940 torrent
284 3894 425 3951 dissyllabo.
491 3893 549 3941 931.
576 3895 638 3939 Nota
654 3902 702 3940 unu
718 3898 784 3941 atine
800 3895 940 3951 procliue,
961 3900 985 3939 et
1003 3896 1099 3939 omuino
1118 3897 1186 3942 nlius
1205 3899 1277 3960 quis,

161 3979 205 4020 pro
226 3979 273 4022 quo
288 3966 426 4023 trequentes
444 3961 524 4009 Latini
543 3965 599 4023 quis
618 3965 700 4020 nlius,
731 3965 928 4021 praecedentibus
953 3965 1105 4018 potissimum
1129 3972 1202 4022 perti.
1221 3974 1279 4020 esst,

161 4034 211 4077 sire
230 4039 277 4078 cet.
297 4048 367 4090 saepe
387 4040 527 4090 corruptum
544 4035 568 4078 in
587 4034 691 4092 aliquis.
748 4031 807 4080 932.
828 4033 934 4092 requirit
949 4034 979 4078 A.
999 4034 1029 4078 1..
1047 4034 1077 4080 fl.
1097 4035 1226 4081 Latinitate
1246 4038 1281 4080 sic

161 4104 307 4157 postulante.
338 4127 371 4137 -
398 4103 507 4164 requirit
524 4129 533 4139 -
552 4122 562 4132 ·
581 4103 722 4162 quiescunt.
753 4104 870 4148 Futurum
884 4101 1009 4160 requiret,
1035 4107 1098 4162 quod
1115 4106 1203 4150 habeut
1219 4106 1279 4149 cdd.

162 4167 338 4228 (etiaan.li.)
357 4173 431 4218 Wali.
448 4172 540 4228 Forb.,
566 4172 596 4215 ab
615 4173 646 4216 iis
664 4171 798 4228 profectum
816 4171 924 4231 ridetur,
948 4174 987 4232 qui
1006 4174 1080 4229 haec,
1105 4175 1129 4218 in
1148 4175 1234 4231 quibus
1253 4175 1281 4220 de

162 4240 271 4286 vivorum
290 4256 373 4287 somno
392 4256 472 4287 sermo
485 4247 535 4297 cst,
555 4255 682 4298 perperam
700 4240 918 4300 interpretabantur
937 4243 965 4287 de
984 4244 1069 4288 mortis
1088 4255 1182 4287 somno.
