2948 4820
221 165 283 230 362

348 324 489 390 Duorum
511 326 620 390 securi
640 323 736 388 deute
757 321 944 401 Britannid,

347 427 423 490 Non
446 425 536 489 derit
559 447 655 501 unus3
678 447 834 491 marmore
857 425 992 504 durior,

391 529 437 594 Er
458 537 545 592 certa
567 531 770 611 despeoteute
792 528 885 592 voltu

433 630 513 694 Fata
535 640 626 696 tuens
647 629 820 716 hilarisque
842 641 986 696 torvum.

345 767 449 852 Atqui
470 766 610 845 sciebat,
635 766 711 854 quid
732 767 792 834 sibi
813 768 922 853 regius

350 875 476 936 'l'ortor
496 882 655 953 parasset.
708 873 783 936 Noe
806 871 897 934 aliter
919 883 1041 949 tamen,

389 974 492 1053 Quam
515 973 676 1038 laureatos
698 972 784 1037 Sulla
805 975 928 1052 fasces,

431 1077 507 1158 lpse
528 1097 615 1139 suom
639 1075 731 1159 periit
751 1075 899 1142 securim.

346 1217 467 1279 Plenus
488 1213 589 1278 fumi
610 1234 677 1300 quo
699 1216 822 1279 tumulo
843 1214 949 1292 sterit,

345 1319 521 1402 Postquam
544 1326 712 1400 paventem
736 1315 892 1382 carnificis
915 1339 1040 1382 marum

389 1420 543 1483 Mercede
565 1417 745 1494 firmasset,
769 1429 902 1484 cruento

431 1519 527 1595 Colla
550 1518 635 1584 dedit
656 1519 798 1584 ferienda
817 1521 920 1586 ferro.

526 1749 576 1816 11.
605 1750 809 1817 PYLADIS
831 1752 1033 1819 HORTUS.

575 1890 777 1978 Symbolum
797 1889 981 1954 amicitiae.

386 1999 483 2068 Eruli
507 2021 604 2085 quom
626 2023 660 2064 se
683 2002 820 2082 Pylades
842 2000 951 2067 Oresti

388 2104 560 2186 iungeret,
586 2101 667 2166 raris
690 2103 895 2187 geminandus
917 2103 1029 2181 aunis,

388 2205 512 2280 Duxit,
537 2206 616 2268 haee
635 2204 738 2282 fotus,
762 2225 822 2287 per
843 2205 1057 2271 amoeniorem

470 2305 635 2371 Phocidos
657 2307 805 2370 hortumr

386 2445 544 2520 „Frator,
569 2465 589 2508 o
610 2444 760 2528 fragrans
783 2442 875 2510 animi
901 2445 1056 2525 medulla,

386 2549 469 2611 Pars
492 2547 573 2610 sacri
597 2546 697 2610 maior
721 2547 895 2630 meliorque
919 2545 1024 2625 veris,

330 2721 334 2732 Ι
386 2651 440 2714 Ex
462 2670 533 2713 meo
556 2649 658 2712 discas
680 2651 798 2713 utinam
821 2649 941 2728 virolo,

470 2752 555 2831 Quid
576 2750 616 2814 sit
637 2751 768 2814 amicus.

384 2889 519 2956 Fraudis
543 2899 691 2973 expertes
714 2887 818 2953 violae
840 2889 1007 2973 leguntur,

386 2991 561 3055 Candidum
584 3003 694 3073 peetus
716 3004 858 3054 reserant
878 2991 1036 3074 ligustra:

385 3094 574 3158 Germinant
596 3093 727 3178 nigrae,
751 3103 854 3156 tamen
878 3094 1014 3176 optimae
1037 3115 1112 3160 vac·

474 3196 553 3262 cinia
575 3196 690 3260 famae.

384 3336 464 3400 Flos
486 3338 613 3411 Amor,
637 3332 699 3399 llos
722 3346 770 3400 est
791 3333 936 3398 iuvenilis
959 3334 1066 3399 horti:

385 3438 487 3516 Quem
511 3450 598 3501 creat
619 3438 752 3514 Virtus,
775 3439 900 3501 redolet
921 3421 1036 3500 sereno

384 3539 525 3605 Puloher
547 3551 677 3621 aspectu
699 3539 903 3624 placidusque
925 3541 1058 3624 longum

470 3642 574 3706 Durat
596 3641 628 3704 in
649 3663 775 3704 sevum.

385 3763 472 3826 Eece
494 3760 569 3826 lons
593 3781 714 3824 mersos
735 3760 860 3843 penitus
881 3759 1006 3844 lapillos

347 3909 351 3914 -
383 3862 505 3929 Pervio
528 3863 598 3926 veri
620 3862 735 3946 retegit
758 3862 894 3946 liquore.

385 3963 549 4048 Quidquid
570 3964 601 4027 in
625 3964 733 4028 fundo
748 3965 825 4029 latet
846 3963 943 4030 amnis
964 3963 1048 4042 imo,

470 4067 618 4130 Prodere
642 4065 757 4150 garrit,
1285 4063 1335 4144 20

287 4209 310 4256 5.
324 4206 466 4270 frugi-ons]
485 4210 531 4256 Ed.
551 4209 669 4256 monaehi·
685 4205 763 4260 1⁶45.
783 4233 815 4247 -
829 4211 950 4274 flagrans
965 4211 1010 4257 Ed.
1025 4211 1112 4256 Color.
1129 4207 1204 4256 1660.
1216 4216 1238 4256 el
1252 4211 1333 4257 Orell.
