2964 4814
193 164 253 231 186

256 327 384 392 Sistrai‘
408 325 483 412 quid
506 326 537 388 in
564 347 667 387 vactro
688 325 873 392 secubuisse
894 320 996 384 toro?

192 432 299 511 Qirom
320 429 449 511 rapiunt
472 428 553 490 mala
575 428 641 489 lists
665 429 787 499 bonos,
813 423 983 508 (ignoscite
1006 422 1129 499 lassos)

258 531 426 596 Sollicitor
448 530 551 594 nullos
577 549 646 590 esse
669 539 781 608 putare
805 528 897 588 deos.

194 631 281 697 Vive
303 632 394 714 pius,
421 631 557 694 moriere
580 629 677 710 pius:
706 628 776 691 cole
799 647 910 703 sacra,
935 628 1092 690 colentem

256 735 354 797 Mors
378 732 486 817 gravis
510 753 525 792 a
551 731 676 812 templis
699 730 728 792 in
752 750 829 792 cava
853 733 943 791 busta
967 730 1084 792 trahet.

194 833 396 900 Carminibus
419 833 544 895 confide
566 833 677 896 bonis:
706 831 787 892 iacet
809 849 883 892 ecee
907 828 1074 904 'l'ibullus3

257 933 326 997 Vix
349 945 492 996 manete
516 945 603 995 tanto
627 953 726 1013 parva
749 935 835 1014 qiiod
858 951 935 993 urna
960 932 1058 1012 capit.

195 1039 305 1110 Tene,
330 1056 421 1097 sacer
446 1046 551 1106 vates,
578 1035 720 1096 flairimae
741 1053 877 1114 rapuere
898 1033 1053 1116 rogales,

256 1136 451 1201 Pectoribus
472 1136 560 1218 pasci
583 1157 640 1198 nec
662 1135 794 1197 timuere
816 1134 905 1196 tuis?

193 1241 302 1302 Aurea
326 1249 507 1300 sanctornm
531 1236 711 1318 potuissent
733 1236 849 1317 templa
873 1239 1006 1300 deorum

257 1342 382 1414 Urere,
408 1360 489 1422 quae
513 1350 635 1400 tantum
658 1338 835 1400 sustinuere
859 1338 965 1401 nefas!

194 1441 327 1506 Avertit
350 1441 477 1517 voltus,
496 1439 618 1520 Erycis
642 1459 723 1521 quse
746 1439 887 1521 possidet
911 1461 1023 1502 arces:

259 1545 339 1607 Sunt
362 1561 508 1626 quoque,
534 1542 589 1624 qui
611 1541 754 1604 lacrimas
777 1541 971 1604 continuisse
995 1553 1126 1624 negent.

195 1647 258 1708 Sed
280 1656 382 1706 tamen
405 1648 469 1709 hoc
492 1644 623 1718 melius,
649 1665 741 1726 quiam
766 1643 793 1705 si
817 1644 973 1706 Phaeacia
996 1643 1091 1705 tellus

258 1746 410 1830 Ignotum
434 1746 488 1808 vili
510 1745 730 1827 supposuisset
753 1745 861 1807 hurino.
888 1781 891 1790 .

195 1847 282 1910 Hinc
304 1859 390 1910 certe
413 1846 554 1912 madidos
575 1845 725 1928 fugientis
748 1845 863 1927 pressit
885 1847 1007 1910 ocellos

258 1949 369 2015 Mater
391 1959 422 2010 ct
443 1946 475 2009 in
497 1947 621 2010 cineres
643 1947 752 2008 ultima
775 1949 856 2010 dona
880 1946 969 2019 tulit;

195 2047 280 2112 Hinc
303 2069 401 2113 soror
422 2049 453 2111 in
476 2060 597 2131 partem
620 2048 733 2112 misera
758 2070 829 2110 esim
854 2059 951 2110 matre
975 2048 1096 2112 doloris

257 2150 359 2213 Venit
380 2150 540 2213 inornatas
564 2150 708 2212 dilaniata
732 2171 851 2212 comas.

197 2251 342 2334 Cumque
365 2253 425 2314 tuis
448 2273 504 2314 sua
525 2253 695 2317 iunxerunt
718 2251 927 2335 Nemesisque
949 2251 1109 2334 priorque

260 2353 379 2417 Oscula
402 2374 460 2415 nec
481 2355 569 2416 solos
592 2353 765 2417 destituere
787 2373 903 2435 rogos.

194 2453 288 2518 Delia
312 2454 496 2528 discedens,
521 2454 699 2530 „Felioius,
724 2453 842 2535 inquit,
868 2467 968 2516 ainata

261 2557 335 2618 Sum
359 2555 436 2618 tibi:
463 2556 585 2630 vixisti,
611 2558 682 2617 dum
707 2567 778 2617 tirus
801 2555 884 2638 ignis
907 2557 1027 2618 eraur.”

198 2656 261 2720 Cui
284 2657 448 2730 Neiriesis,
473 2657 600 2736 „Quid,
627 2655 691 2730 ait,
715 2656 774 2718 tibi
796 2668 866 2718 siaut
889 2679 956 2719 ntea
980 2661 1091 2722 datura
1115 2657 1246 2722 dolori?

259 2760 318 2821 Me
340 2758 441 2822 tenuit
464 2758 603 2821 moriens
624 2757 789 2820 deficiente
813 2759 940 2820 rnan11.’'

266 2978 307 3024 33.
328 2993 369 3023 eos
394 2979 520 3040 Aegyptia
549 2982 611 3025 Cod,
638 2979 661 3026 l.
687 2982 802 3036 probante
827 2982 942 3034 Boethio,
976 2981 1012 3024 cui
1035 2983 1089 3024 teriia
1119 2982 1204 3037 ubique
1227 2984 1249 3024 in
1275 2984 1318 3026 de·

196 3051 259 3093 liciis
278 3055 355 3093 erasit.
376 3073 407 3084 —
428 3050 540 3093 Ceterum
559 3053 713 3118 σεῖστρον,
742 3063 860 3104 ,aereum
883 3051 1063 3104 crepusculum,
1097 3051 1163 3093 euius
1179 3064 1221 3104 per
1241 3064 1317 3108 augere

196 3124 258 3162 stain
279 3119 390 3161 laminam
409 3120 432 3161 iu
449 3120 543 3162 arrodiuu
563 3120 650 3162 balthei
673 3120 833 3172 incurvatam,
853 3120 966 3162 traiectae
977 3119 1068 3162 inediae
1088 3133 1175 3174 'raucae
1196 3122 1315 3176 virgulae,

196 3187 315 3241 crispante
348 3187 445 3231 brachio
477 3189 618 3246 trigeminos
641 3189 731 3240 iactus,
757 3187 887 3231 reddebant
918 3192 1027 3244 argutum
1053 3188 1192 3231 souorem.”
1228 3190 1317 3242 Appul.

195 3257 255 3300 Met.
278 3253 318 3298 ll.
339 3269 362 3310 p.
390 3254 448 3301 759.
470 3256 531 3300 Oua.
558 3257 665 3300 Creuzsr
688 3256 770 3310 symb.
793 3254 816 3300 1.
837 3270 860 3310 p.
882 3253 940 3300 515.
962 3280 994 3288 —
1014 3255 1136 3313 Significat
1154 3256 1209 3298 Tib.
1232 3255 1262 3309 l,
1284 3254 1314 3305 3.

197 3321 239 3371 23.
294 3321 335 3369 35.
362 3327 465 3382 rupicem
488 3327 619 3376 meliores,
641 3330 700 3373 teste
725 3325 833 3368 Heinsio.
860 3325 938 3382 Vulgo
958 3327 1081 3378 rapiam
1099 3327 1140 3368 sed
1160 3328 1191 3368 de
1207 3329 1317 3380 tearpore

195 3396 275 3448 potius
295 3406 375 3436 sermo
395 3399 447 3449 est;
466 3399 544 3447 „tuuc,
565 3408 635 3452 qurum
655 3394 750 3446 rapiunt
766 3399 830 3446 eet„
852 3395 956 3436 adducor
975 3395 1052 3449 quasi,
1076 3400 1100 3436 ut
1122 3395 1185 3436 Deos
1198 3407 1250 3436 esse
1270 3407 1313 3437 ne·

195 3463 276 3520 gem.’'
342 3458 383 3506 37.
412 3463 532 3506 moriture
560 3465 620 3507 Cod.
655 3462 677 3505 1.
704 3461 799 3518 (licius.
826 3463 900 3514 coni.)
937 3463 993 3505 luhu
1014 3464 1137 3506 distinxit:
1165 3460 1222 3504 Vive
1237 3463 1317 3518 pins:

194 3531 303 3576 inoriers
314 3543 325 3583 ;
341 3533 400 3587 pius
419 3533 472 3575 cole
490 3546 581 3586 sacra,
601 3533 759 3575 colentem-
771 3544 781 3584 ,¹
801 3545 844 3586 qna
865 3536 941 3574 tsiueu
966 3533 1058 3574 ratione
1084 3533 1145 3586 perit
1168 3531 1316 3574 eoricinuitas

195 3600 376 3642 membrorum:
398 3601 451 3643 seit.
468 3603 566 3644 alterins
582 3597 678 3648 troilon
697 3613 734 3643 vv.
756 3601 875 3643 colentem
895 3597 966 3644 oroi-0
986 3625 995 3635 ·
1015 3625 1023 3634 ·
1043 3598 1126 3642 trahet
1148 3601 1246 3642 alterius
1268 3601 1319 3642 iliis

195 3669 355 3719 respondent:
376 3668 483 3711 rnoriere
500 3667 630 3724 (quamvis)
646 3669 715 3723 pius.
760 3666 801 3712 ll).
822 3683 835 3710 s
853 3673 921 3711 tutuo
939 3668 1068 3722 opponitur
1087 3681 1109 3711 r.
1128 3679 1227 3725 parom
1246 3681 1317 3722 pror-

196 3749 236 3778 sus
251 3740 275 3778 ut
287 3737 348 3787 apud
367 3737 478 3790 Sophoct.
499 3736 540 3780 ΕΙ.
563 3735 620 3781 ἵὸδ.
640 3733 672 3783 ἐν
683 3735 791 3803 βραχεῖ
807 3733 904 3800 χαλκῷ
922 3737 1065 3798 μέγιστον
1083 3735 1170 3800 σῶμα
1188 3732 1319 3796 δειλαίας

196 3799 309 3850 oaodo'd
329 3803 483 3872 φέρουσιν.
519 3807 578 3848 Hine
595 3805 696 3859 probare
713 3821 758 3848 nou
775 3819 871 3859 possum
887 3807 918 3853 al.
941 3809 995 3849 lect.
1015 3819 1029 3846 e
1052 3811 1100 3848 tote
1118 3821 1131 3848 a
1155 3805 1317 3848 labaioreee-

194 3877 268 3926 ptam.
284 3895 315 3906 -·
326 3885 402 3917 curor
416 3888 458 3928 pro
468 3885 549 3930 paroc
560 3885 685 3927 perperam
693 3875 753 3918 cdd.
766 3875 823 3930 aliq.
837 3905 842 3926 ,
857 3877 915 3918 unde
925 3879 1002 3918 tamen
1014 3871 1097 3917 Heius.
1111 3874 1216 3926 crispio:
1232 3879 1314 3916 curte.

197 3937 356 3998 ‘abstergent
374 3943 461 3996 laun..
488 3943 525 3997 qui
551 3946 629 3985 tamen
652 3957 675 3985 r.
704 3941 743 3994 ts,
765 3945 877 3996 praetulit
902 3949 996 3998 putent.
1052 3940 1094 3986 49.
1114 3939 1162 3984 Hic
1181 3961 1213 3976 -ι-
1232 3943 1319 3984 eueni-

194 4007 241 4052 bus
264 4009 339 4053 Codd.
359 4012 416 4066 aliq.
473 4009 515 4054 51.
534 4008 649 4054 dolorum
666 4011 711 4054 Ed.
732 4025 768 4064 pr.
792 4011 848 4054 ¹l'ib.
905 4010 946 4056 57.
968 4012 1001 4054 lta
1021 4011 1097 4054 Codd.
1119 4013 1235 4065 plerique.
1254 4009 1317 4054 Edd.

196 4081 253 4122 velt.
291 4079 375 4134 „Quid
400 4084 421 4122 te
445 4079 529 4122 attinet
555 4081 636 4137 ingere
660 4080 796 4132 Tibullum,
829 4081 868 4135 qui
888 4085 909 4124 te
931 4082 1031 4132 relicta,
1069 4080 1128 4124 mihi
1146 4079 1184 4121 oni
1207 4083 1317 4122 mortuus

196 4144 534 4190 est?''einte1unoCod‚
559 4151 652 4202 recepit
669 4149 752 4192 Heius.
799 4147 865 4208 Quid
882 4149 940 4192 nis?
959 4149 1004 4191 tibi
1020 4148 1073 4192 siut
1091 4161 1146 4190 meu
1167 4146 1261 4190 domna
1279 4147 1318 4190 lu-

194 4213 263 4270 dori,
290 4217 341 4259 sine
357 4215 564 4271 interrogatione,
598 4229 626 4259 ex
645 4216 737 4260 dnobus
754 4217 849 4270 Burni„
867 4219 955 4260 rustice
981 4218 1049 4262 satis.
1087 4217 1180 4273 (Meam
1198 4216 1319 4261 rationein
