2964 4814
424 573 468 633 n.
493 555 691 636 menan
713 571 978 635 recuccus,

467 714 613 761 MACROB.
633 715 771 760 SATURN.
791 716 830 759 11..
844 717 874 760 c.
899 713 933 798 1.Ι

190 860 353 918 Laberium
381 879 505 935 asperae
529 859 676 917 libertatis
697 863 825 938 equitem
848 861 1017 917 Romanum
1037 861 1149 920 Cecser
1169 867 1259 938 quin-

129 957 233 1030 gentis
253 952 373 1010 milibus
394 955 551 1020 invitavit,
579 965 613 1034 ut
633 953 771 1028 prodiret
795 955 825 1009 in
856 972 977 1010 scenam
1006 965 1035 1010 et
1062 955 1127 1030 ipsc
1153 966 1258 1030 egeret

128 1048 260 1112 mimos,
282 1065 358 1122 qnos
378 1041 585 1120 scriptitabat.⁸
633 1045 694 1102 Sed
716 1056 867 1120 potestas,
889 1065 950 1102 non
971 1047 1067 1102 solum
1087 1049 1113 1102 si
1131 1047 1255 1114 invitet,

91 1181 96 1188 ‚
128 1140 187 1195 sed
209 1142 297 1194 ctiam
317 1139 483 1216 supplicet,
507 1140 597 1214 cogit.
638 1137 724 1196 Unde
745 1157 776 1194 se
798 1149 828 1194 ct
846 1136 994 1208 Laberius
1015 1158 1030 1194 e
1052 1138 1181 1196 Caesare
1201 1157 1254 1196 co-

124 1243 235 1288 actum
255 1233 286 1288 in
308 1230 434 1306 prologo
455 1241 581 1287 testatur
602 1231 648 1286 his
668 1227 826 1287 versibus:

344 1365 494 1423 Necessitas,
515 1369 600 1424 quoius
619 1367 707 1412 crirsus
726 1368 857 1412 transversi
877 1365 991 1422 impetum

344 1451 478 1500 Voluc'runt
496 1455 564 1498 multi
583 1449 705 1512 effugere,
726 1455 794 1508 pauci
814 1452 958 1508 poitierunt,
980 1431 983 1438 .

344 1543 396 1599 Quo
414 1533 452 1608 md
470 1543 572 1586 detrusit
590 1537 663 1596 padue
682 1541 799 1585 extremis
817 1536 946 1584 sensibus?

238 1643 243 1646 ·
338 1630 417 1686 Quem
436 1626 502 1672 ncilla
521 1628 636 1680 ambitio,
656 1625 722 1671 utilis
742 1641 844 1684 unquam
863 1603 978 1685 largitio,

265 1743 267 1746 -
343 1715 432 1761 Nullis
448 1717 538 1768 timor,
559 1716 595 1760 vis
613 1713 698 1768 ncilla,
719 1716 784 1758 nulls
802 1711 935 1759 uuctdrstss

345 1799 442 1847 lllore're
463 1803 540 1858 potuit
557 1801 581 1845 in
600 1803 695 1846 invente
714 1797 742 1845 dd
760 1805 843 1859 sistu3

343 1890 406 1935 Ecce
424 1889 448 1934 in
468 1895 564 1934 senecta
582 1895 608 1934 ut
624 1888 696 1934 focile
715 1887 828 1933 labefecit
845 1892 898 1934 loco

348 1977 402 2020 vira·
419 1973 558 2022 intellectis
577 1973 654 2021 indute
672 1976 784 2020 clementi
804 1973 865 2021 edita
911 2021 913 2026 ,

343 2063 469 2108 Submissa
487 2065 593 2118 placide,
614 2063 796 2122 blindiloqnens
815 2063 910 2108 ortuo!

345 2151 439 2195 Etenim
457 2144 553 2216 ipsitDi
570 2149 658 2209 negdre
677 2152 714 2194 cui
734 2151 767 2194 nil
785 2151 931 2207 potiierunt,

344 2233 469 2282 llomindm
486 2251 523 2281 sne
542 2236 661 2296 denegsire
679 2242 733 2294 ,quis
751 2235 832 2294 posset
851 2237 923 2294 peti?

343 2324 396 2383 Ego
415 2323 453 2369 bis
473 2326 572 2368 tricenis
590 2323 658 2369 dunis
676 2326 735 2370 actis
754 2322 805 2369 sine
823 2331 880 2370 note

346 2408 426 2468 Equis
444 2411 566 2455 Romanus
585 2407 614 2454 s'sx
632 2411 695 2456 Lars
714 2411 902 2470 egressiones

342 2497 448 2542 llomtim
466 2503 577 2542 revortar
595 2496 699 2542 mimus!
718 2499 838 2544 Nimirum
855 2497 902 2544 nde
920 2502 958 2550 die

342 2582 398 2630 Uno
418 2587 471 2640 plus
489 2586 556 2639 vixi,
577 2583 637 2630 mihi
655 2600 725 2642 qnam
743 2585 871 2632 vivendtim
888 2588 943 2632 tuit.
1225 2587 1256 2634 ts

377 2670 487 2738 Fortius
506 2673 663 2717 immoderata
686 2671 711 2716 in
730 2672 794 2717 bono
812 2689 887 2731 seque
908 2679 977 2732 etque
997 2669 1022 2717 in
1039 2677 1121 2728 mulo,

339 2759 366 2802 Si
386 2759 427 2802 tibi
444 2755 497 2802 erat
516 2758 609 2802 libitum
625 2757 753 2804 literarum
772 2759 883 2806 lsridibus

341 2841 444 2890 morsus
461 2837 575 2890 cacumen
595 2843 692 2891 no'strae
711 2847 789 2891 lernae
806 2847 936 2908 frdngere,

342 2933 392 2976 Cur
411 2928 484 2989 qudm
502 2932 612 2991 vigebam
630 2930 743 2979 membris
762 2935 996 2996 praeviriddntibus,
1034 2957 1041 2963 ·

340 3020 405 3064 Satis
423 3018 504 3064 ficere
522 3021 610 3075 populo
630 3026 654 3065 et
671 3019 712 3065 ssu
730 3035 803 3078 quom
821 3022 930 3078 poterim
947 3025 999 3068 viro
1009 3055 1017 3078 ,

341 3105 395 3150 Non
412 3103 543 3151 flexibilem
562 3121 599 3152 me
618 3103 789 3162 coacervasti,
810 3114 836 3154 ut
853 3108 988 3166 cirperes?

344 3193 411 3238 Nunc
428 3189 467 3238 ind
486 3207 533 3250 quo
551 3191 657 3238 deiicis?
677 3195 739 3250 Quid
758 3197 787 3239 sd
806 3209 902 3240 scenam
920 3193 1019 3241 dffero?

347 3276 467 3324 Decdrem
485 3280 594 3335 formae,
614 3295 643 3324 sn
663 3279 803 3340 dignitatem
821 3279 948 3338 cdrporis,

342 3365 424 3411 Animi
441 3369 568 3422 virtutem,
588 3382 617 3412 an
637 3364 703 3412 reicis
722 3367 839 3414 iocundde
858 3369 962 3414 sonum?

343 3453 375 3496 Ut
391 3449 478 3498 hedera
497 3467 596 3509 serpens
614 3452 680 3499 vires
698 3455 816 3502 arboreis
834 3461 919 3510 necet,
1219 3452 1251 3500 2⁵

203 3608 238 3661 (r.
260 3603 285 3649 1.
310 3607 342 3650 ita
365 3605 467 3650 Ascens.
499 3603 575 3650 1519.
595 3605 692 3651 Camcr.
714 3603 790 3653 1533.
815 3619 894 3650 cursu
912 3618 1002 3651 ereren
1020 3607 1102 3652 vesal.
1125 3601 1201 3650 1521.
1221 3628 1254 3638 -

123 3675 364 3722 cursuarersodid.
378 3669 467 3730 1528.)
488 3670 512 3718 3.
524 3673 703 3720 detrurts'Scsi.
719 3677 756 3719 lb.
767 3675 890 3720 extremis
900 3675 1042 3721 sensibusi.
1057 3689 1079 3720 e.
1090 3675 1134 3728 „iis
1144 3674 1254 3718 sensibus

126 3747 187 3798 rel,
208 3749 235 3788 ut
251 3757 295 3788 nos
308 3743 427 3797 dicimus,
442 3743 548 3797 ratione,
568 3758 630 3801 quse
643 3758 768 3788 remanere
781 3744 851 3790 debet
862 3744 953 3789 hornini
971 3759 1019 3788 non
1029 3756 1129 3798 prorsus
1143 3756 1253 3797 cesano,

125 3812 194 3858 cui”
213 3811 337 3857 extremis
363 3813 457 3866 „etism
476 3813 586 3858 sensibus
605 3814 753 3868 deperditis,
783 3815 840 3856 nulli
868 3826 970 3868 prorsus
998 3816 1126 3866 supersunt
1144 3813 1256 3857 sensus.’'

127 3906 163 3915 -
185 3887 314 3925 extorrem
341 3880 460 3925 sensibus
487 3883 524 3925 vel
550 3883 621 3928 etiam
649 3895 683 3925 ex
714 3883 805 3926 mentis
829 3883 948 3927 sensibus
974 3881 1070 3925 volebat
1096 3879 1252 3938 Oudendorp.

129 3947 176 3994 12.
202 3948 259 4009 Ego
286 3949 326 3993 bis
350 3949 410 3993 Edd.
443 3951 507 3996 land.
535 3952 638 3996 Collect.
667 3951 764 3996 Pisaur.
794 3951 825 3994 Τ.
852 3947 876 3994 l.
903 3965 927 4006 p.
954 3947 1013 3994 382.
1034 3973 1068 3983 -
1086 3947 1158 4010 Ergo
1176 3950 1254 3996 Gron.

130 4016 175 4062 13.
196 4032 249 4070 ox,
279 4019 339 4074 quod
360 4019 383 4061 in
402 4018 480 4062 Gron.
502 4019 583 4073 deest,
603 4033 632 4063 ex
650 4020 748 4064 Pisaur.
768 4020 869 4064 inserui.
906 4018 978 4078 Ergo
996 4018 1073 4062 annis
1091 4018 1130 4063 dis
1149 4021 1254 4064 tricenis

125 4087 218 4132 Bothe.
274 4085 315 4130 18.
343 4085 450 4131 Florem
477 4101 598 4133 caeremon
624 4103 678 4132 cum
705 4089 807 4143 Lipsio,
839 4089 938 4132 Heinsio
957 4093 980 4132 et
997 4087 1136 4133 Wielendio
1154 4090 1252 4143 Bothe;

125 4169 177 4212 pro
196 4155 260 4199 Ceti.
275 4153 370 4216 floris,
403 4169 450 4212 quio
475 4161 568 4202 retento
587 4157 626 4200 lit.
654 4155 724 4200 laud.
744 4159 783 4200 rix
801 4162 866 4201 recte
888 4157 1002 4212 explicari
1026 4157 1114 4213 potest.
1153 4158 1199 4201 Sed
1218 4161 1255 4200 est

125 4225 206 4268 abiet.
227 4225 363 4278 penitense
379 4238 403 4268 v.
419 4224 527 4286 florens.
575 4224 617 4269 21.
637 4224 694 4270 Non
711 4237 750 4267 ms
763 4225 830 4286 fler.
850 4225 936 4270 Bothe.
980 4221 1023 4270 22.
1043 4241 1082 4270 me
1098 4225 1189 4272 deiicis
1207 4235 1255 4281 quo

79 4329 84 4346 ,
126 4293 189 4337 Asc.
204 4290 338 4336 -dsir'cis
356 4305 403 4351 quo
421 4306 460 4338 ms
472 4293 558 4341 noue.
