2964 4814
236 222 296 284 128

233 377 438 460 Propontida
461 387 625 440 trucemve
647 375 820 440 Ponticum
843 375 960 453 sinum,

231 479 299 545 Ubi
321 479 381 542 istc
403 488 479 560 post
501 477 649 561 phaselus
671 487 762 539 antea
784 477 846 540 suit

233 580 370 644 Comata
393 579 493 642 silva:
520 600 589 640 nam
613 577 754 658 Cytorio
776 577 809 641 iu
832 578 910 662 iugo

233 683 404 767 Loquentc
427 701 521 761 saepe
543 679 669 742 sibilum
692 679 791 742 edidit
813 701 919 744 coma.

234 781 378 846 Amastri
399 781 536 846 Pontica
559 791 590 843 ct
613 780 739 860 Cytore
762 780 905 856 buxifer,

233 883 310 946 'l'ibi
333 887 412 946 haec
434 881 531 946 fuisse
553 892 584 944 et
606 903 674 946 esse
698 880 917 966 cognitissima

232 985 290 1048 Ait
311 984 480 1066 phaselus:
504 982 615 1046 ultima
637 1005 678 1046 cx
700 981 828 1066 origine

233 1089 262 1149 T
266 1107 306 1150 uo
331 1084 454 1149 stetisse
478 1084 558 1147 dicit
580 1083 613 1146 in
637 1082 818 1160 cacumine,

233 1192 306 1252 Tuo
330 1185 480 1250 imbuisse
501 1185 655 1268 palmulas
677 1185 709 1248 in
732 1206 888 1270 aequore,

231 1292 275 1353 Et
295 1289 369 1351 inde
391 1298 441 1350 tot
462 1310 521 1369 per
542 1286 732 1370 impotentia
752 1287 836 1349 freta

231 1394 354 1454 Herum
377 1390 502 1465 tulisse,
526 1391 617 1453 laeva
639 1389 706 1452 sive
729 1393 862 1452 dextera

230 1483 384 1556 Vocaret¹
399 1513 492 1567 aura,
517 1491 584 1554 sive
609 1501 776 1576 utrumque
797 1488 943 1572 luppiter

232 1593 331 1656 Simul
356 1595 511 1656 secundus
534 1591 697 1655 incidisset
720 1592 752 1654 in
774 1595 902 1673 pedem;

232 1694 347 1780 Neque
370 1695 433 1756 ulla
457 1705 534 1758 vota
555 1693 737 1757 litoralibus
759 1693 820 1756 diis
932 1777 937 1782 .

231 1796 300 1860 Sibi
322 1818 390 1858 esse
412 1795 496 1857 facta
509 1819 517 1870 ;
542 1818 639 1880 quom
663 1795 788 1859 veniret
810 1817 828 1860 a
849 1817 936 1858 mare

231 1896 418 1960 Novissime
442 1899 526 1959 hunc
549 1901 709 1982 adusque
732 1897 897 1980 limpidum
919 1897 1034 1959 laeum.

231 2002 294 2062 Sed
317 2000 396 2061 hacc
418 1998 508 2080 prius
531 1999 637 2061 sucre:
662 2020 745 2060 nunc
767 1998 935 2062 recondita

231 2104 326 2163 Senet
348 2100 453 2184 quiete
477 2123 573 2185 seque
597 2099 723 2162 dedicat
745 2099 822 2175 tibi,

231 2204 374 2265 Gemelle
399 2201 518 2267 Castor
541 2214 573 2264 ct
596 2202 729 2286 gemelle
753 2200 914 2267 Castoris.

701 2390 768 2452 111.
792 2389 876 2466 (at.)

217 2567 225 2578 ,
293 2482 577 2583 Paeninsularum,
596 2507 736 2584 Sirmio,
756 2507 991 2590 insularumque

232 2611 361 2685 Ocelle,
386 2631 589 2695 quascunque
611 2608 643 2670 in
665 2609 859 2694 liquentibus
882 2607 1003 2692 stagnis
1062 2603 1066 2610 “

230 2711 383 2796 Marique
407 2722 497 2773 vasto
521 2710 585 2772 sert
608 2722 741 2795 uterque
765 2714 950 2793 Neptunus,

231 2815 334 2893 Quam
356 2822 386 2875 tc
409 2811 546 2875 libenter
569 2836 726 2899 quamque
748 2814 848 2876 laetus
871 2811 994 2885 inviso,

230 2913 301 2976 Vix
323 2912 366 2975 mi
387 2911 456 2994 ipse
479 2918 612 2976 credens
636 2913 796 2995 Thyniam
819 2925 914 2998 atquc
938 2912 1100 2991 Bithynos

231 3013 381 3098 Liquisse
406 3037 537 3098 campos
560 3027 591 3078 et
614 3016 723 3080 videre
745 3028 776 3079 te
797 3015 831 3078 iu
853 3017 941 3079 tuto!

232 3118 262 3180 Ο
286 3114 362 3198 quid
385 3116 498 3179 solutis
520 3130 567 3180 cst
588 3117 712 3181 beatius
736 3118 841 3194 curis,
919 3117 921 3122 ’

232 3219 337 3298 Quom
361 3241 446 3281 meus
471 3241 550 3282 onus
572 3220 702 3302 reponit
725 3243 762 3284 ac
783 3219 959 3306 peregrino

231 3321 364 3383 Labore
386 3320 463 3383 sessi
482 3321 623 3384 venimus
639 3323 737 3385 larem
761 3327 801 3384 ad
823 3334 969 3385 nostrum

230 3419 486 3507 Desideratoqne
509 3424 738 3510 acquiescimus
761 3425 871 3487 lecto!

231 3524 309 3588 Hoc
332 3533 396 3599 est,
420 3529 508 3609 quod
530 3537 654 3588 unumst
675 3547 737 3607 pro
760 3524 929 3588 laboribus
951 3525 1059 3590 tantis.

232 3612 347 3703 Salve,
370 3647 389 3689 o
414 3626 544 3689 veurasta
568 3625 704 3700 Sirmio,
728 3637 822 3710 atque
845 3628 925 3689 hero
949 3631 1070 3710 gaude:

233 3726 376 3790 Gaudete
399 3749 539 3812 vosque,
565 3747 584 3790 ο
607 3726 731 3806 Lydiae
752 3728 840 3789 lacus
862 3731 983 3791 undae:

237 3825 370 3905 Ridete,
394 3826 547 3912 quicquid
562 3811 617 3890 'cst
639 3828 726 3928 domi
749 3828 998 3896 cachinnorum!

705 4017 770 4082 tv.
794 4019 879 4100 (st.)

233 4131 439 4196 Chommoda
458 4133 599 4216 dicebat,
622 4135 797 4222 siquando
823 4141 993 4204 commoda
1017 4136 1113 4201 vellet
1183 4115 1215 4228 ’ί

293 4231 429 4309 Dicere,
453 4247 484 4298 et
505 4236 634 4302 iusidias
657 4240 774 4304 Arrius
796 4239 967 4314 hinsidias,
