2948 4820
1129 151 1132 160 '
1229 181 1292 246 aas

297 341 383 422 Quid
405 338 505 424 magis
528 339 681 403 incertum
703 338 828 404 vento?
851 359 911 402 nec
932 339 1038 403 navita
1060 340 1129 404 fidit
1270 341 1290 404 5

296 443 489 510 Caeruleum
511 443 618 527 pelagi
641 464 798 519 marmor,
823 442 1036 525 scalpentibus
1058 443 1167 508 Euris.

381 548 494 609 Nubes
516 545 656 610 lanificae
678 546 756 627 polo
821 547 824 558 '

299 651 501 713 Rau-escunt:
524 648 673 712 fruticeta
695 661 838 732 petemus

296 750 472 826 Proxima,
497 751 676 835 Frisingam
701 751 812 814 viridis
835 772 896 834 qua
919 750 1029 814 semita
1052 750 1157 814 ducit:

298 854 398 918 Simul
419 875 611 918 reversurus
634 855 794 937 sepultum
1250 855 1292 917 10

298 955 474 1028 solenniis
497 956 645 1019 animabit
669 959 796 1020 orbem.

383 1058 515 1121 Femina
537 1060 622 1122 nulla
644 1060 726 1122 mala
749 1071 809 1123 est.
833 1058 995 1123 Virtutem
1017 1059 1179 1144 pingimus
1202 1079 1260 1124 ore

296 1161 463 1226 Femineo.
508 1161 668 1226 Formosa
689 1165 847 1245 pudorem

296 1266 413 1327 Servat
434 1263 583 1327 intactum
607 1286 709 1349 neque
731 1266 840 1329 vendit
861 1264 953 1328 ulli.”

233 1371 273 1432 P.
298 1368 415 1431 Nonne
439 1378 546 1443 notas,
572 1367 758 1444 Guilielme,
782 1369 861 1430 fides
885 1366 1042 1430 hostiliter
1063 1366 1147 1430 inter
1252 1367 1292 1430 15

300 1471 343 1532 Se
365 1468 576 1532 dissidentes?
598 1470 726 1533 Musica
749 1469 870 1533 veritas

300 1570 441 1636 Chordis
464 1574 591 1635 aberrat
614 1593 678 1636 non
700 1575 781 1635 bene
804 1571 967 1636 consonis.

298 1674 393 1758 Ergo
415 1673 548 1737 remotis
570 1673 779 1738 seditionibus

298 1775 352 1839 Sic
373 1779 611 1857 temperandum
632 1775 801 1853 barbiton,

298 1879 375 1942 Non
397 1879 511 1961 procul
536 1900 554 1940 a
576 1899 687 1942 muro:
714 1878 863 1961 quoniam
879 1898 978 1942 canor
993 1877 1226 1960 inderepulsus
1250 1878 1292 1941 20

299 1979 472 2046 Dissidiuna
495 1982 569 2044 ferit
591 1982 782 2045 arbitrantes

305 2082 435 2148 Certius
458 2105 563 2148 aures.

300 2184 466 2267 Principio
489 2184 556 2251 'vox
577 2185 662 2265 ima,
689 2186 740 2249 cui
761 2207 829 2250 vox
851 2185 962 2248 nititur
978 2187 1068 2265 alta,

298 2289 360 2351 Est
382 2299 471 2351 certo
493 2287 652 2351 fundanda
674 2300 798 2353 tenore.

303 2389 432 2473 Quippe
455 2413 544 2454 suurn
569 2391 688 2455 moduli
1253 2395 1294 2458 25

300 2493 388 2558 Hinc
410 2504 526 2556 acnttnt
549 2495 674 2577 genium
695 2492 982 2578 conspirantesque
1003 2508 1174 2580 reguntur.

299 2595 433 2660 Interim
456 2595 546 2658 multi
568 2596 689 2658 sonitus
711 2596 881 2678 peribunt:

299 2699 416 2762 Donec
436 2699 620 2782 inaequales
643 2720 801 2781 nunquam
823 2710 965 2762 cessante
987 2703 1135 2763 reducam

298 2800 426 2866 Pollice
450 2803 601 2864 chordas.

276 2911 278 2916 ’
301 2903 421 2966 Sensim
445 2924 507 2965 nou
531 2903 598 2964 sine
621 2902 727 2987 iurgio

301 3005 445 3070 Placabit
467 3005 586 3068 resides
610 3006 757 3090 quatiens
779 3007 935 3071 sententia
957 3029 1090 3072 nervos.

386 3108 492 3190 „Spes
516 3120 563 3171 est
585 3109 677 3172 dulce
699 3109 778 3192 pati.
824 3111 923 3190 Quies

302 3209 429 3294 Optima
452 3211 616 3275 centonis:
641 3233 711 3275 nam
734 3233 848 3296 regunt
871 3234 1016 3295 purpura
1039 3224 1165 3277 noctem

301 3316 404 3396 Saepe
427 3314 526 3377 trabit
547 3303 687 3398 vigilem.

385 3416 420 3480 Si
441 3417 575 3500 quisque
598 3417 693 3479 sciret
716 3417 829 3502 gaudia
853 3417 1025 3499 pauperis,
1255 3419 1296 3480 35

300 3521 417 3584 Nullus
439 3519 577 3582 sollicito
601 3519 688 3583 dives
712 3519 866 3584 dormiret
887 3519 918 3582 in
941 3541 1033 3584 antro.

388 3621 497 3684 Triste
519 3623 683 3703 publicum
705 3623 770 3687 lori

300 3725 392 3790 Vitat
414 3735 566 3805 expertus
588 3724 731 3806 sapiens:
756 3747 815 3790 nec
835 3725 916 3788 imae

302 3829 467 3911 Dignatur
488 3828 636 3892 subsellia
659 3828 776 3910 plebis.

303 3933 342 3995 In
365 3951 423 3993 suo
446 3929 524 3993 selis
545 3931 666 3994 animus
688 3951 816 3994 recessu

302 4034 416 4096 Intirna
440 4035 568 4099 lustrat.
580 4034 598 4057 ''

240 4141 280 4203 P.
304 4136 474 4202 Paullatim
498 4148 646 4217 aptantur
669 4137 796 4202 socialia
820 4137 957 4200 earmina
980 4136 1099 4200 nervis.

386 4240 517 4323 „Rapto
540 4239 720 4324 terrigenae
745 4239 902 4305 vivianus:
926 4241 990 4306 boo
1009 4259 1114 4309 aueum
1137 4250 1207 4318 est,
