2964 4814
210 373 273 434 Seu
298 384 388 436 vetus
410 372 441 436 in
464 372 560 438 triuio
582 373 682 436 florea
705 385 788 438 serta
809 374 913 457 lepis:

144 477 190 537 Et
213 478 424 558 quodcunque
447 475 523 539 mihi
544 495 673 556 pomum
697 493 800 540 novus
822 479 935 540 educat
957 498 1075 554 annus,
1109 551 1113 556 .
1157 539 1162 556 ,

209 577 358 639 Libatum
382 577 555 661 agnicolam
578 577 708 659 ponitur
731 589 801 640 aute
824 581 929 642 deum.

144 680 247 740 Flava
270 678 387 755 Ceres,
413 677 471 740 tibi
493 678 535 741 sit
556 682 732 743 nostco'de
755 700 831 744 titre
853 700 975 744 corona

211 780 342 863 Spicea,
367 801 447 864 quae
470 781 579 862 templi
601 769 737 863 pendeat
760 793 831 844 ante
852 781 961 846 fores:
1043 791 1046 798 “

87 961 90 964 ¹
146 881 365 966 Pomosisque
386 883 485 945 rubet·
507 892 615 953 custos
639 893 778 964 ponatur
799 882 832 945 in
855 883 976 958 hortis,

212 986 348 1046 'l'erreat
373 997 405 1046 ut
429 1005 524 1047 saeva
545 984 629 1046 falce
651 985 790 1066 Priapus
812 1005 901 1048 aven.

145 1087 221 1149 Vos
243 1107 391 1168 quoque,
413 1086 515 1151 felicis
536 1089 713 1170 quondam,
738 1108 822 1150 nuno
843 1088 992 1168 pauperis
1016 1089 1086 1172 agei

211 1185 387 1262 Custodes,
412 1186 501 1250 fertis
526 1209 655 1251 inuncta
679 1199 804 1264 vestra,
829 1190 945 1252 Lares.

146 1292 241 1352 'l'uuc
265 1289 361 1352 vitula
384 1289 564 1352 innumeros
588 1290 752 1352 lustrabat
766 1311 857 1354 caesa
879 1293 1049 1355 iuvencos:

211 1391 306 1454 Nunc
327 1411 407 1473 agna
430 1390 540 1474 exigui
563 1402 611 1456 est
633 1391 735 1478 hostis
757 1413 857 1473 parva
880 1392 953 1456 soli.
972 1413 974 1422 ’

146 1499 244 1578 Agna
267 1496 356 1556 cadet
379 1492 472 1557 vobis
483 1536 497 1567 ,.
516 1515 610 1575 quani
634 1493 753 1556 circum
775 1494 892 1557 rustica
915 1497 1027 1576 pubes·

211 1595 355 1660 Clamet:
379 1595 442 1667 „Io
465 1603 582 1658 messes
606 1608 637 1657 et
659 1599 743 1660 bonu
768 1595 840 1658 vina
864 1597 984 1661 date!''

144 1703 215 1763 Iam
240 1701 334 1762 modo
358 1718 421 1759 non
444 1718 573 1778 possum
596 1698 898 1761 contentus'viuene
920 1719 1025 1781 parvo

203 1802 280 1862 'Nec
303 1819 429 1878 semper
451 1799 568 1882 longae
591 1799 715 1862 deditus
737 1790 807 1862 esse
830 1801 918 1875 viae,

147 1904 211 1964 Scd
234 1901 332 1965 Canis
356 1899 495 1963 aestivos
518 1913 609 1962 ortus
632 1899 732 1964 vitare
748 1905 813 1963 Jsub
829 1905 948 1966 'timbre

171 2002 183 2021 ³
210 2001 350 2065 Arboris
373 2005 411 2063 ad
433 2001 522 2064 rivos
544 2001 776 2082 praetereuntis
799 2023 914 2086 aquae.

146 2107 219 2168 Nec
241 2091 341 2166 tamen
365 2104 519 2165 interdum
542 2105 658 2184 ‘pudeat
681 2103 818 2182 tenuisse
840 2104 998 2181 bidentes,

212 2207 280 2268 Aut
301 2205 428 2268 stimulo
451 2207 559 2267 tardos
582 2204 776 2286 increpuisse
798 2208 913 2269 boves.
962 2237 966 2242 ·

147 2310 225 2370 Non
248 2328 401 2390 agnamve
423 2306 492 2368 sinu
514 2305 623 2388 pigeat
647 2305 790 2369 fetumve
809 2309 952 2387 capellae

211 2409 382 2472 Desertum
407 2408 504 2470 oblite
527 2419 626 2470 mure
649 2406 771 2471 referre
794 2411 934 2473 domum.

146 2619 171 2664 9.
192 2616 246 2662 cu.
265 2617 319 2661 Liv.
339 2617 368 2670 t,
398 2615 439 2661 ii.
460 2619 561 2675 «ἱερου
584 2617 712 2664 destituet.
733 2621 845 2680 Plerique
863 2623 1023 2681 denm'Spem
1042 2625 1194 2684 intelligunt,
1224 2631 1260 2673 eui

144 2689 191 2744 ipsi
210 2691 289 2730 tamen
304 2687 409 2743 agrestia
428 2687 469 2730 itin
486 2689 547 2730 donn
565 2688 636 2731 tribui
657 2689 695 2732 vix
708 2697 818 2744 possunt.
854 2692 899 2736 Est
916 2693 989 2752 igitur
1006 2691 1084 2748 potins
1101 2697 1172 2740 usnimi
1192 2700 1260 2754 nequi

135 2757 259 2808 effectus,
281 2768 327 2811 qno
346 2769 373 2799 su
389 2759 415 2798 ut
432 2755 477 2799 sibi
497 2771 510 2798 u
528 2757 579 2800 Diis
598 2757 774 2812 praebeantnu,
795 2774 842 2804 uon
860 2761 911 2805 sine
929 2761 1015 2805 fiducia
1034 2767 1108 2817 optat.
1159 2765 1200 2809 11.
1220 2765 1261 2808 do-

144 2821 242 2880 mtus]
253 2837 323 2880 quein
335 2824 403 2877 pauci
420 2830 544 2869 transeunt
556 2828 706 2880 veneraturi,
726 2829 750 2871 in
766 2829 820 2872 loco
833 2831 928 2874 deserto
940 2831 1039 2884 positus.
1067 2831 1129 2877 Mine
1139 2834 1260 2878 sionem.

144 2893 273 2948 explicavit
291 2890 396 2944 defixus,
425 2893 549 2948 defossus,
574 2895 668 2941 Censor
696 2897 747 2943 len.
767 2899 858 2951 nudus,
883 2898 1002 2944 entlaubt.
1060 2897 1100 2945 tt.
1120 2903 1262 2962 agricolum

145 2989 154 2998 .
175 2986 184 2997 .
203 2956 286 3014 deum]
306 2961 345 3004 Sic
364 2961 497 3004 etncuduvit
513 2963 630 3016 Poenius,
656 2965 753 3018 (meiius
775 2967 839 3010 omni
857 2968 1011 3025 ambiguitate
1030 2967 1101 3012 vimis
1121 2985 1191 3027 quam
1206 2972 1261 3014 Mu·

143 3035 227 3081 retus,
247 3043 316 3085 quem
335 3034 409 3073 secntt
425 3031 531 3087 plerique
551 3033 693 3078 ediderunt:
718 3033 849 3093 agricolas
868 3060 877 3071 -
896 3061 906 3070 -
924 3035 996 3090 deos)
1016 3038 1071 3081 tect.
1091 3040 1151 3084 Cdd.
1172 3047 1195 3084 et
1213 3041 1258 3087 Iu:
1290 3040 1294 3044 ’

118 3153 123 3162 Ι
145 3123 178 3134 -
197 3098 329 3158 agricolae
348 3122 358 3132 -
377 3123 386 3134 ·
405 3096 488 3142 deum.
525 3094 691 3158 tutetttgu'ntm
715 3115 797 3146 onmes
815 3104 859 3147 Dei
883 3110 1022 3162 agrestes,
1042 3106 1167 3162 Silvanus,
1199 3109 1261 3153 Tei·-
1333 3153 1341 3162 ,

144 3168 242 3220 minus,
261 3167 379 3220 Priapus,
399 3167 506 3210 Pomonn
526 3165 571 3212 cet.
609 3167 669 3214 221.
691 3168 757 3213 Tum
774 3172 847 3215 Voss.
874 3171 996 3229 (sequente
1015 3187 1120 3218 consona
1139 3179 1260 3233 qualicun·

144 3234 214 3294 que.)
272 3235 393 3279 Annotsnt
421 3240 480 3279 tune
503 3235 639 3294 significuus
668 3242 760 3293 tempus
787 3240 926 3297 plerumque
956 3243 1139 3298 praeteritum,
1181 3246 1260 3287 curius

143 3307 251 3349 tutus-mn
269 3303 385 3362 singulari
404 3317 457 3348 cnm
483 3305 525 3353 vi:
561 3311 627 3358 tum,
656 3308 718 3362 qnod
746 3307 817 3350 etiem
844 3309 964 3363 praescisti
983 3315 1093 3365 aptetur„
1116 3311 1145 3365 i,
1166 3310 1195 3366 3,
1218 3311 1259 3356 tt.

144 3379 193 3420 cet.
213 3373 337 3417 sententiis
356 3369 520 3416 continuandis
545 3375 596 3418 sine
622 3374 734 3434 graviore
761 3377 875 3430 temporis
893 3377 1014 3422 notatione
1033 3379 1161 3423 insen-vire.
1217 3378 1258 3422 22.
1342 3375 1346 3380 “

140 3438 235 3500 porco]
254 3455 307 3484 cnm
326 3440 386 3484 Cdd.
404 3440 434 3485 1..
455 3442 511 3485 inde
529 3457 544 3485 a
562 3444 625 3486 Seni.
647 3443 749 3487 obtinuit
766 3457 861 3503 magno
880 3460 892 3488 e
909 3445 977 3488 tibris
996 3446 1259 3501 quindecimuirum
1324 3452 1331 3461 “

145 3513 169 3554 in
191 3509 369 3567 qua-interpot.
406 3512 481 3552 inest*
498 3523 595 3555 acumen
624 3511 786 3564 Ouidianum,
815 3527 861 3555 uon
880 3514 969 3556 candor
987 3512 1088 3560 Tthutti.
1144 3512 1186 3558 25.
1206 3514 1260 3557 lom

145 3577 219 3622 modo
246 3591 295 3621 uon
320 3588 440 3638 possum:
467 3569 525 3641 ἤδη
552 3579 717 3642 μονονουχὶ
739 3575 883 3643 δύναμαι,
911 3581 952 3624 tta.
969 3585 994 3622 ut
1024 3583 1154 3625 sententiae
1179 3584 1214 3624 vis
1237 3583 1260 3624 in

144 3647 221 3692 verbo
237 3658 340 3704 poenum
359 3645 405 3688 sita
425 3646 465 3689 sit.
515 3647 566 3690 an.
587 3649 657 3706 Viug.
678 3647 739 3691 Aen.
761 3647 791 3702 9,
827 3645 1004 3704 stupentem
1022 3647 1094 3693 modo
1111 3661 1260 3708 nongentis

145 3729 218 3760 omne
235 3727 340 3770 perosos
357 3711 509 3758 Femineum.
521 3739 553 3749 -
566 3715 620 3760 Iam
636 3728 740 3772 possum
759 3715 831 3761 modo
848 3730 898 3760 non
915 3721 1053 3768 contentus,
1073 3720 1109 3760 vet
1129 3717 1181 3760 leem
1196 3731 1261 3774 pos-

145 3799 217 3835 sum,
238 3781 309 3826 modo
323 3794 373 3825 non
390 3787 518 3826 contentus
537 3785 567 3828 tt.
587 3785 650 3828 coni.
674 3807 701 3817 -
715 3784 776 3829 'lom
793 3783 865 3828 modo
882 3797 948 3828 nuuc
964 3797 1068 3840 possum
1087 3786 1163 3828 Codd.
1184 3783 1208 3828 2.
1228 3788 1258 3831 B.

145 3867 181 3886 -ι
197 3851 252 3895 Idm
270 3849 355 3903 modo,
376 3851 428 3893 idm
450 3864 555 3906 possem
579 3853 642 3897 coni.
668 3851 755 3904 Guyet.
780 3855 811 3897 V.
839 3852 938 3897 anhm.
958 3853 1135 3896 coniecturam:
1156 3877 1189 3886 -
1206 3853 1260 3899 loun

146 3919 218 3964 modo
237 3920 262 3963 ei
275 3931 381 3976 postem
398 3920 493 3962 eottntts
512 3933 549 3963 vv.
572 3921 601 3974 1,
628 3919 658 3974 2,
686 3918 727 3968 tt.
748 3944 780 3954 -
799 3920 855 3978 lpse
874 3921 946 3964 bones
964 3933 1020 3963 ineo
1038 3920 1067 3964 ei
1091 3926 1171 3965 tecum
1190 3925 1261 3969 modo

145 3989 225 4034 Delio
243 3987 368 4045 possim
385 3985 495 4046 Iungere
519 4013 528 4022 -
547 4013 556 4023 ·
575 3988 659 4032 mottte
677 3994 701 4032 et
718 3989 812 4033 inculto
830 3990 865 4033 sit
882 3987 945 4052 mibi
961 4001 1064 4041 somnus
1081 3986 1172 4045 tneo,
1202 4007 1260 4050 quo·

144 4071 200 4101 rum
214 4058 307 4101 diversa
330 4059 367 4099 est
386 4057 533 4100 constructio
555 4057 613 4100 nihil
639 4057 730 4101 insoliti
750 4057 856 4109 hebens,
885 4057 978 4102 fateor·
992 4071 1029 4100 me
1050 4072 1096 4102 nou
1115 4061 1259 4119 intetttgem.

69 4123 72 4130 ’
144 4127 277 4171 Praeterea
306 4124 401 4168 ubinam
428 4124 453 4168 ei
470 4125 493 4167 in
512 4130 681 4170 nonmutatui·
698 4140 711 4167 n
730 4124 858 4170 libcnniis?
893 4125 998 4169 Maxime
1018 4131 1096 4172 nutem
1116 4133 1152 4172 est
1169 4143 1260 4173 memo·

144 4195 221 4238 rabide
240 4195 288 4238 iam
313 4192 433 4246 Exeecpta
460 4197 552 4236 vetusta
584 4195 671 4238 babere
695 4195 755 4237 bunc
779 4207 803 4238 u.
830 4193 1013 4250 interpolatum,
1041 4195 1146 4240 Pontum
1171 4199 1260 4254 quippe
1329 4207 1332 4210 ·

144 4263 269 4323 egotam,
289 4261 416 4319 utnitL.;
435 4260 1005 4324 epudScnlig.:-Qeippeegoiompneenm
1043 4261 1258 4312 otiosumne.
1291 4263 1294 4268 “
