2952 4826
186 182 225 245 18

184 339 316 403 Gratius
338 338 496 404 interdum
517 356 620 424 neque
642 348 753 402 natura
773 337 844 421 ipsa
865 335 1019 424 requirit:

183 440 219 506 Si
241 461 305 505 non
328 463 423 505 aurea
444 451 515 504 sunt
537 439 686 504 iuvenum
708 438 876 503 simulacra
895 461 954 523 per
978 439 1099 517 aedeis,

132 597 139 608 ,
184 545 366 626 Lampadas
387 542 542 628 igniferas
563 540 707 606 manibus
731 540 900 606 retinentia
922 540 1059 617 dextris,
1257 545 1297 607 95

185 643 322 708 Lumina
344 643 509 709 nocturnis
532 642 634 727 epulis
656 654 690 706 ut
712 644 969 727 suppeditentur-3

184 750 255 812 Nec
276 751 388 813 (lortius
410 756 546 831 argento
568 744 673 831 fulget
693 766 836 831 auroque
857 746 998 822 renidet3

185 852 256 914 Nec
278 848 420 912 citharae
442 851 579 913 reboant
598 847 745 934 laqueata
765 859 937 935 aurataque
957 849 1096 931 templa:

187 952 292 1032 Quom
315 963 420 1014 tamen
439 949 523 1014 iuter
546 972 594 1026 se,
617 949 792 1032 prostratei
812 949 845 1014 in
868 949 1012 1035 gramine
1034 949 1141 1024 molli,

187 1055 330 1135 Propter
352 1074 452 1138 aquae
471 1051 592 1128 rivum,
615 1055 673 1115 sub
694 1051 792 1116 ramis
813 1051 942 1118 arboris
965 1052 1065 1125 altae,
1259 1055 1300 1115 30

187 1154 407 1241 Nonmagnis
430 1153 547 1237 opibus
567 1153 705 1219 iocunde
726 1176 869 1238 corpora
893 1166 1023 1218 curant:

91 1281 96 1324 ι
185 1255 379 1321 Praesertim
403 1278 501 1343 quom
524 1267 693 1339 tempestas
715 1254 837 1320 arridet
859 1267 891 1320 et
911 1256 984 1320 anni

187 1362 350 1442 Tempora
373 1369 590 1444 conspergunt
610 1357 797 1423 viridanteis
817 1357 955 1423 floribus
972 1360 1103 1422 herbas.

187 1464 257 1525 Nec
279 1460 399 1525 calidae
423 1460 516 1524 citius
538 1463 695 1524 decedunt
718 1482 860 1543 corpore
882 1460 1006 1537 febres,

187 1563 369 1628 Textilibus
391 1563 419 1628 si
437 1563 470 1626 in
490 1562 625 1645 picturis
649 1574 804 1648 ostroque
825 1562 952 1626 rubenti

187 1665 339 1742 lactaris,
362 1688 455 1750 quam
477 1665 506 1728 si
526 1663 651 1748 plebeia
670 1663 705 1728 in
726 1674 813 1728 veste
836 1666 1054 1728 cubandumst.

188 1770 432 1851 Quapropter,
455 1765 606 1852 quoniam
629 1765 673 1830 nil
694 1777 809 1830 nostro
832 1764 865 1828 in
885 1787 1027 1848 corpore
1047 1788 1147 1851 gazae

185 1869 370 1935 Proficiunt
390 1890 492 1954 neque
515 1867 667 1933 nobilitas
687 1889 746 1931 neo
771 1867 878 1952 gloria
899 1866 1010 1953 regni,

187 1973 285 2053 Quod
302 1983 446 2054 superest
466 1969 570 2034 animo
593 1991 722 2056 quoque
744 1969 789 2033 nil
810 1973 964 2052 prodesse
987 1973 1208 2054 putandumst:

188 2073 225 2137 Si
245 2096 310 2138 non
331 2075 418 2139 sorte
441 2085 511 2137 tuas
533 2071 677 2157 legiones
698 2094 758 2155 per
779 2072 852 2138 loca
879 2073 983 2154 campi
1259 2075 1300 2136 10

188 2178 329 2240 Fervere
352 2197 450 2263 quom
472 2174 580 2239 videas
598 2173 676 2238 belli
696 2173 863 2238 simulacra
887 2173 1034 2251 cienteis;

188 2277 250 2343 His
271 2277 331 2341 tibi
347 2289 414 2340 tum
435 2280 532 2342 rebus
553 2275 734 2342 timefactae
758 2275 933 2360 religiones

188 2378 358 2464 Effugiunt
379 2378 484 2444 animo
506 2377 640 2463 pavidae
659 2377 835 2463 mortisque
856 2376 989 2444 timores

190 2484 273 2546 Tum
294 2503 427 2546 vacuum
445 2492 569 2563 tempus
590 2480 737 2565 linquunt
758 2501 898 2566 curaque
918 2482 1069 2546 solutum.

189 2583 287 2663 Quod
304 2583 331 2647 si
352 2581 488 2647 ridicula
508 2585 589 2646 baec
608 2581 810 2669 ludibriaque
832 2604 901 2647 esse
924 2582 1086 2662 videmus,
1261 2588 1301 2650 15

242 2792 284 2840 25.
305 2793 393 2849 Odyss.
415 2791 438 2839 7.
461 2790 520 2839 100.
566 2791 608 2840 97.
633 2800 748 2854 ostroque
764 2793 905 2853 Preigerus.
955 2791 997 2840 28.
1023 2792 1136 2839 citherae
1157 2809 1201 2852 pro
1223 2798 1302 2841 dativo

189 2864 281 2920 habeo;
300 2864 447 2922 Foebigerus
467 2877 531 2907 noan.
546 2864 609 2918 plur.
629 2877 683 2909 esse
700 2868 776 2920 putat.
807 2864 917 2908 'l'ertium
931 2877 1012 2908 cesum
1028 2866 1154 2910 votuerunt
1171 2865 1242 2910 etiem
1257 2866 1302 2912 Ar.

190 2936 253 2979 lunt.
274 2934 304 2978 Α.
326 2955 355 2966 -
381 2930 488 2976 cieberis
503 2933 609 2982 edentes.
630 2933 666 2977 lb.
695 2933 819 2990 temptat.
837 2934 997 2990 elaqueatis
1015 2933 1141 2977 fornicata.
1162 2954 1190 2966 -·
1217 2940 1302 2988 „tecta

188 3003 300 3047 macrob.
314 3000 344 3056 ⁶,
359 2999 383 3046 2.
398 3002 490 3047 recte.”
502 3002 581 3047 Bentt.
616 3002 663 3046 Sed
679 3003 757 3047 altero
768 3003 822 3048 loeo
838 3002 898 3046 ibid.
908 3007 973 3047 reete
987 3006 1024 3047 est
1035 3004 1136 3061 templa.
1175 3000 1217 3048 99.
1237 3002 1303 3065 Quin

190 3080 273 3117 tamen
292 3071 342 3116 cit.
363 3083 392 3115 ex
407 3070 548 3125 macrobio,
569 3076 595 3115 ut
606 3072 655 3126 alt,
674 3073 716 3116 sed
734 3071 795 3117 Edd.
816 3073 923 3116 laudatae
945 3071 1032 3116 babent
1047 3067 1108 3116 Cum
1127 3078 1219 3118 tumen.
1250 3073 1300 3118 Git.

190 3146 284 3188 secutus
304 3145 341 3184 est
358 3139 389 3186 tt.
413 3164 446 3176 -
470 3138 584 3184 Attamen
602 3141 631 3186 1..
695 3137 737 3186 34.
761 3140 814 3188 Nee
832 3139 915 3186 sufflo
933 3155 956 3184 e.
978 3140 1004 3186 d.
1020 3138 1162 3201 corpores.
1183 3143 1212 3187 C.
1233 3147 1257 3187 et
1278 3145 1302 3186 in

191 3224 269 3270 rnarg.
286 3215 404 3267 tempore.
443 3206 484 3255 3⁶.
505 3210 544 3254 Sic
562 3209 591 3254 I..
610 3211 703 3255 Eicbst.
726 3211 755 3254 F.
777 3233 806 3244 -
826 3209 933 3254 lucteris
956 3210 984 3255 C.
1005 3210 1035 3255 Ε.
1056 3217 1079 3256 et
1099 3225 1111 3256 e
1130 3211 1200 3256 Gudii
1220 3212 1300 3256 collat.

190 3283 241 3336 ipse
259 3278 326 3324 Gott.
345 3279 391 3323 At.
403 3278 433 3322 ll.
444 3280 487 3324 W.
516 3279 629 3325 Ceterum
646 3281 774 3324 notandum
789 3281 851 3325 Ett.
864 3285 922 3326 vett.
937 3279 1026 3326 hebere
1041 3280 1155 3326 Lucteris
1168 3287 1193 3326 ut
1203 3278 1227 3335 lt,
1242 3277 1301 3327 993.

191 3354 214 3394 et
227 3346 256 3403 5,
270 3345 346 3394 1067.
360 3348 400 3392 ubi
410 3350 453 3392 cir.
463 3349 620 3403 interpretes.
658 3347 700 3395 39.
712 3349 789 3394 'stem
798 3349 975 3407 -putandum
982 3350 1035 3396 Cet.
1048 3351 1137 3395 Poste.
1147 3347 1189 3396 ll.
1202 3351 1224 3394 in
1233 3350 1300 3395 Gott.

191 3418 298 3476 sequitur
314 3419 400 3462 lemma
420 3418 479 3463 boe:
506 3418 663 3463 SVBClDllS
681 3419 805 3463 Mscdts
823 3419 955 3464 EPlCURl
974 3419 1229 3465 constituturus
1248 3418 1302 3464 olt-

191 3487 296 3533 NATAS
314 3487 415 3532 numts
434 3487 680 3533 trastvas‘rafltt
698 3488 762 3532 Ettt:
780 3488 945 3533 leMdTAS
970 3489 1066 3545 (omnia
1090 3490 1140 3545 sic)
1165 3495 1188 3535 et
1211 3490 1234 3534 in
1253 3489 1301 3534 Ε.;

192 3555 319 3602 Subsidis's
337 3557 439 3616 rncgns's
457 3556 555 3615 epicuri
570 3556 745 3602 constabilitas
768 3563 872 3602 ornatus
900 3563 910 3604 ΙΙ
936 3556 1029 3603 Amisit
1041 3563 1142 3604 astatur
1154 3559 1303 3618 sterilesque

190 3627 334 3680 animatus,
355 3631 379 3670 et
397 3627 420 3672 in
440 3627 485 3673 C.:
515 3625 642 3671 Subrids's's
659 3627 762 3687 mugnis
780 3627 887 3686 epycurs'
910 3625 969 3685 (sic)
993 3627 1167 3674 constabilitas
1191 3627 1304 3674 Ornatas

191 3696 285 3740 anisnis
303 3699 401 3740 stotucs
424 3701 570 3755 statuasque
592 3697 718 3740 animatae
745 3710 773 3741 ac
799 3697 911 3742 similiter
930 3702 1050 3754 tamquam
1073 3701 1158 3752 potetas
1176 3710 1260 3743 versus
1279 3698 1302 3740 in

190 3765 252 3810 Edi.
272 3770 330 3809 vett.
348 3766 393 3809 Ar.
407 3779 434 3809 ac
446 3766 501 3812 Pio.
532 3767 615 3811 Deleta
636 3770 691 3809 sunt
711 3766 756 3809 ista
776 3766 799 3810 in
817 3765 862 3810 Ed.
877 3766 937 3810 lunt.
953 3770 976 3810 et
988 3765 1043 3810 att.
1058 3779 1125 3824 see.;
1144 3773 1194 3812 tum
1206 3767 1302 3810 reducta

190 3837 214 3880 in
230 3835 276 3880 Eds
292 3834 368 3878 besil.
385 3830 460 3880 1531.
478 3834 571 3890 Gryph.
587 3831 663 3883 1540.
678 3839 702 3881 et
715 3831 808 3892 154⁶.;
827 3849 911 3879 rursus
927 3836 1020 3880 inducta
1034 3849 1047 3878 a
1061 3835 1146 3882 Lamb.
1161 3837 1233 3891 seqq.
1253 3831 1303 3876 Nae

191 3905 246 3962 quid
271 3903 295 3947 in
313 3903 342 3947 iis
361 3905 450 3958 lateat,
480 3917 522 3958 pro
541 3909 606 3948 certo
629 3905 736 3960 exputari
757 3909 849 3960 potest:
882 3919 936 3950 nam
953 3918 1006 3960 me,
1039 3906 1078 3961 qut
1102 3906 1156 3950 inde
1177 3901 1303 3964 aliquando

191 3976 311 4019 laceram:
332 3971 460 4018 Subsidit's
475 3975 578 4034 mugnis
592 3970 685 4034 fulciri
703 3974 893 4029 constabilitos,
912 3972 1025 4020 Ornatus
1042 3974 1123 4018 armis
1138 3977 1235 4016 statuae
1251 3976 1303 4014 tur·

192 4043 291 4102 reisque
312 4042 438 4086 animatas
456 4043 547 4097 optimo
571 4043 622 4088 iure
646 4045 849 4101 reprehenderunt
870 4045 955 4104 Pinzg.
974 4051 998 4091 et
1012 4043 1111 4100 Forbig.
1142 4041 1221 4084 Error
1236 4053 1303 4085 meus

192 4113 246 4158 inda
262 4116 329 4155 ortus
343 4115 380 4155 est
394 4112 510 4168 maxime,
531 4114 608 4171 osred,
629 4127 699 4172 quum
712 4115 736 4158 iu
748 4113 786 4158 Pii
797 4114 915 4169 editione,
935 4129 980 4173 qua
994 4120 1048 4158 tunc
1061 4110 1154 4164 utebar,
1169 4110 1243 4166 ipsius
1255 4109 1304 4153 Lu·

191 4183 259 4227 eretii
277 4181 357 4225 verbis
376 4186 495 4239 tamquam
513 4196 599 4227 versus
616 4184 751 4239 interpositi
770 4188 839 4240 sunt,
871 4198 915 4244 ego
943 4197 989 4229 non
1017 4182 1074 4226 satis
1102 4179 1251 4224 attendebam
1274 4180 1303 4222 ad

191 4253 301 4305 codices,
330 4252 354 4296 ia
378 4250 462 4309 quibus
488 4253 604 4298 lemmatis
628 4267 648 4302 s.
669 4253 731 4298 tituli
751 4254 828 4298 locum
847 4253 961 4302 obtinent.
1000 4252 1024 4296 Si
1044 4251 1135 4296 Graeca
1155 4264 1168 4294 a
1187 4249 1311 4306 principio·
