2952 4826
127 395 337 462 Glandileras
359 394 444 460 iuter
463 398 618 461 curabant
640 416 783 479 corpora
803 417 942 484 quercus

127 500 346 585 Plerumque;
369 509 419 576 et,
442 521 523 583 quae
545 520 629 562 nunc
649 497 787 565 hiberno
807 510 954 584 tempore
976 499 1081 566 cernis

128 603 257 665 Arbuta
277 599 416 682 puniceo
436 600 508 664 lieri
529 611 652 664 matura
673 600 804 679 colore,

130 702 274 766 Plurima
292 714 359 765 tum
381 699 492 778 tellus,
515 701 609 766 etiam
630 701 770 779 maiora,
791 703 936 769 ferebat:

131 804 303 890 Multaque
323 814 490 888 praeterea
512 803 642 868 novitas
663 814 728 866 tum
749 804 868 870 florida
886 806 994 872 mundi

130 906 256 970 Pabula
278 905 348 969 dira
365 905 439 969 tulit
461 904 585 970 miserie
606 905 797 970 mortalibus
815 908 932 991 ampla.

192 1009 239 1071 At
260 1010 372 1072 sedare
393 1005 477 1070 sitim
496 1006 607 1071 fluviei
625 1008 795 1094 fontesque
819 1013 999 1086 vocabant3

128 1109 175 1173 Ut
194 1130 278 1172 nunc
301 1108 463 1173 montibus
485 1131 503 1172 e
525 1109 649 1193 magnis
671 1109 833 1176 decursus
846 1115 940 1197 aquai

129 1209 242 1274 Claru'
265 1209 341 1273 citat
363 1209 426 1274 late
446 1209 585 1276 sitientia
610 1211 896 1276 caelaturarum·

128 1309 280 1396 Denique
302 1309 488 1396 noctivagei
509 1311 669 1376 siluestria
690 1314 809 1396 templa
830 1317 980 1379 tenebant

129 1414 374 1494 Nympharum,
396 1411 513 1496 quibus
534 1412 665 1477 exibant
682 1415 818 1479 humore
837 1415 955 1482 lluenta

129 1513 291 1588 Lubrica,
313 1512 465 1595 proluvie
486 1512 578 1597 larga
599 1514 708 1578 lavere
731 1516 861 1580 humida
883 1539 977 1595 saxa,

129 1614 271 1680 Humida
292 1636 370 1678 saxa
392 1635 489 1698 super
509 1615 607 1680 viridi
629 1616 781 1681 stillantia
802 1641 932 1696 musco,

129 1719 176 1780 Et
196 1715 313 1797 partim
335 1716 433 1800 plano
455 1727 578 1782 scatere
600 1729 695 1803 atque
718 1741 887 1804 erumpere
909 1743 1037 1806 carnpo.

195 1821 340 1883 Necdum
359 1829 412 1883 res'
433 1818 502 1904 igni
520 1819 646 1884 scibant
666 1833 808 1889 tractare
827 1845 931 1908 neque
954 1825 1000 1890 uti

131 1919 277 1986 Pellibus
298 1933 331 1984 et
350 1920 465 2004 spoliis
483 1942 604 2004 corpus
625 1922 744 1988 vestire
766 1925 928 1990 ferarum:

131 2025 196 2086 Sed
217 2044 349 2088 nemora
372 2035 467 2109 atque
488 2045 588 2092 cavos
610 2025 746 2090 monteio
767 2026 929 2113 silvasque
950 2030 1116 2109 colebant,

130 2125 176 2190 Et
196 2123 330 2189 frutices
344 2124 427 2190 inter
449 2129 631 2190 condebant
652 2127 796 2213 squalida
814 2133 973 2207 membra,

129 2227 282 2290 Verbera
303 2239 473 2292 ventorum
496 2227 598 2292 vitare
619 2228 815 2314 imbreisque
838 2231 976 2296 coactei.
1186 2237 1247 2301 955

195 2331 265 2393 Nec
287 2351 454 2394 commune
475 2333 595 2396 bonum
614 2342 766 2413 poterant
787 2343 933 2416 spectare
956 2353 1058 2420 neque
1080 2335 1154 2401 ullis

128 2431 285 2497 Moribus
303 2431 388 2496 inter
408 2454 441 2496 se
463 2432 589 2497 scibant
607 2454 667 2497 nea
685 2431 812 2517 legibus
836 2433 896 2498 uti.

129 2582 241 2635 ceptum;
261 2577 288 2632 l„
295 2577 472 2622 exsuscitabunt
486 2590 560 2635 aquas
576 2581 599 2623 at
614 2577 775 2634 properabant
790 2576 951 2637 nymphaea)
979 2579 1015 2624 lta
1031 2585 1054 2625 et
1068 2577 1096 2636 ⁶,
1115 2579 1191 2628 1215.
1201 2583 1247 2629 Au.

128 2651 160 2694 P.
181 2648 281 2691 exciret
295 2648 357 2691 mala
373 2660 417 2702 pro
432 2647 517 2692 exiret
534 2645 629 2704 (Bria.)
662 2648 709 2692 Sed
727 2647 833 2702 Epicuro
850 2648 884 2692 ita
903 2649 998 2693 iubente
1016 2649 1104 2707 ubique
1121 2651 1249 2700 Lucretius

129 2722 203 2776 negat
219 2717 277 2760 talia
296 2715 405 2760 Deorum
423 2730 497 2770 opera
514 2715 696 2769 administrari,
716 2717 787 2760 veluti
807 2714 837 2771 lt,
855 2715 916 2763 579.
935 2730 1004 2776 quem
1024 2720 1117 2774 locum,
1138 2734 1250 2778 quurnex

129 2785 311 2843 pulchrioribus
330 2786 375 2844 sit,
393 2790 469 2829 totum
487 2785 533 2829 buc
550 2795 682 2840 apponam:
711 2783 765 2828 sex
783 2785 859 2828 etiam
878 2791 921 2830 aut
938 2793 1031 2843 reptem
1049 2789 1105 2833 loca
1123 2789 1174 2834 ridi
1191 2789 1249 2835 red·

130 2856 192 2901 dere
212 2867 299 2908 cocae,
332 2852 412 2898 Unam
429 2867 501 2913 quom
519 2853 636 2900 iacarea:
671 2853 709 2898 a'ta
732 2854 810 2898 culter
826 2855 934 2900 collibus
951 2856 1035 2912 tpaea',
1065 2855 1148 2904 Verte
1165 2860 1249 2916 repul·

129 2931 219 2970 aantea
236 2921 362 2968 iterabant
379 2922 447 2968 dicta
465 2918 569 2984 referri.
613 2921 683 2967 Haec
700 2923 758 2966 loca
775 2924 924 2981 capripedes
941 2923 1051 2984 Satyros
1067 2925 1248 2988 Nymphaeque

128 3001 216 3040 tenere
232 2991 367 3037 Finitumei
377 2991 485 3054 fingunt
502 2997 525 3036 et
541 2989 642 3036 Pauaoe
660 3005 716 3036 eree
733 2990 880 3050 loquuntur,
907 2991 1018 3054 (latorum
1035 2997 1167 3056 noctivago
1185 3001 1249 3041 etre-

125 3065 185 3122 pitu
202 3062 308 3121 ludoque
326 3062 421 3106 iocanti
437 3060 572 3123 Affirmant
588 3061 661 3120 uolgo
678 3060 806 3105 taciturna
823 3063 926 3107 ailente'a
943 3065 1029 3121 rumpi
1046 3062 1249 3126 Chordarumque

129 3146 209 3178 sorana
220 3130 286 3195 fieri
303 3130 447 3189 dulcaiaque
466 3131 599 3189 quarelae,
631 3128 707 3174 Tinea
729 3143 794 3188 quaa
809 3127 901 3189 suadit
923 3131 1015 3192 digitto
1033 3135 1139 3191 puteata
1157 3149 1248 3179 canera-

128 3209 201 3248 tum:
219 3200 253 3254 Et
268 3212 350 3260 genua
367 3195 509 3259 agricolum
527 3200 578 3243 tate
595 3199 748 3252 aentiecere,
774 3212 846 3257 auom
863 3200 931 3256 Pan,
950 3199 1030 3246 rum
1047 3200 1163 3262 aema'sara'
1179 3205 1249 3262 capt-

130 3273 165 3317 tie
184 3261 322 3316 aaltamina
340 3281 482 3328 quaaaane,
511 3266 579 3313 cho
596 3281 671 3325 aaepe
689 3267 762 3311 labro
778 3269 891 3314 catarnaa
906 3272 1038 3327 percurrit
1054 3270 1181 3327 hieremia,
1206 3272 1249 3316 m·

128 3341 199 3386 atala
216 3339 359 3384 silvestrem
382 3351 413 3382 rue
435 3342 518 3381 ceaaet
533 3333 646 3395 sundere
663 3349 772 3381 muaam.
809 3334 896 3382 Cetera
913 3338 944 3382 de
960 3352 1054 3399 genera
1071 3338 1118 3385 bor
1135 3347 1249 3386 rnuaatra

129 3423 161 3454 ac
175 3412 295 3466 portenta
311 3408 463 3467 loquantum
479 3405 518 3451 Ne
535 3407 593 3450 toea
611 3405 713 3450 decerta
727 3405 759 3450 ala
775 3405 841 3452 diota
859 3421 952 3467 quoque
962 3405 1035 3467 sorte
1048 3415 1169 3466 putentur
1188 3409 1249 3454 Sola

129 3485 215 3524 tenere
224 3509 231 3532 ,
251 3476 308 3521 a'deo
325 3477 422 3520 iactarat
438 3475 564 3520 miracuta
579 3473 675 3529 dietta,·
702 3473 752 3519 Aut
769 3476 856 3535 aliqua
874 3477 972 3521 ratione
989 3478 1044 3521 atta
1061 3477 1204 3531 ducuntur-3
1223 3483 1250 3522 ut
1314 3502 1320 3515 ι

128 3561 202 3593 omne
226 3545 371 3590 Humanam
396 3558 479 3605 genua
506 3549 544 3588 eet
568 3543 669 3589 auidum
693 3543 771 3588 nimia
795 3547 979 3590 auricularum.
1017 3546 1130 3590 Getarum
1155 3547 1248 3602 explica

129 3617 235 3676 „quibus
248 3615 346 3662 exibant
356 3614 443 3659 llueutu
456 3614 542 3669 partim
555 3615 649 3668 lavere,
670 3613 707 3669 (ut
724 3611 842 3670 laverant)
860 3614 954 3659 humida
972 3627 1046 3669 saxa,
1066 3615 1174 3670 ipsorum
1191 3616 1245 3661 scil.

129 3693 257 3732 antrorum
274 3685 354 3730 solum
371 3681 479 3738 (Badeo)
496 3687 606 3738 opertum
624 3695 722 3738 musac,
748 3683 809 3728 unde
828 3685 852 3728 ln
870 3683 990 3728 subiectae
1008 3687 1078 3727 antra
1096 3695 1168 3738 rupae
1186 3695 1248 3741 aqua

129 3758 235 3811 desuper
251 3754 372 3807 stillabat,
403 3752 488 3808 partim
515 3756 540 3796 ut
562 3765 624 3810 aqua
650 3765 693 3807 per
716 3753 792 3796 rimas
809 3754 907 3807 rupium
925 3752 1038 3806 absorpta
1056 3751 1109 3796 dein
1129 3753 1157 3796 ‹le
1176 3755 1248 3808 plano

130 3839 215 3880 campo
235 3823 375 3878 pertentes
394 3821 557 3876 erurnperet.”
590 3821 708 3866 Amabant
732 3826 812 3866 autem
831 3823 920 3878 antiqui
940 3821 1056 3865 eiusmodi
1075 3821 1246 3874 repetitiones:

131 3895 252 3939 Homerus
265 3892 334 3936 tlted.
344 3889 386 3945 22,
403 3888 461 3936 127.
485 3883 672 3958 ὀαριζέμεναι
688 3881 742 3938 al'ee
759 3883 907 3957 παρθένος
924 3881 1029 3952 ἠΐθεός
1045 3900 1077 3937 ee
1094 3885 1249 3958 Hapbtaoc

128 3957 232 4027 ἠΐθεός
248 3963 274 4011 τ’
291 3954 445 4029 ὀαρίζετον
462 3953 623 4023 ἀλλήλοιιν.
656 3958 708 4004 cte.
722 3959 751 4002 ue
762 3958 843 4002 nivea.
860 3958 889 4012 1,
909 3957 932 4016 s.
950 3954 992 4001 14.
1011 3955 1248 4005 «cananaeorum

127 4033 222 4087 a'natat,
239 4029 346 4076 Vocibua
358 4030 436 4074 inatat
448 4034 496 4074 cat.
520 4030 606 4074 floret.
620 4027 697 4082 opor.
714 4023 762 4080 1⁶,
776 4022 819 4071 41.
838 4039 901 4072 arra
914 4025 987 4070 beata
998 4024 1116 4072 Petamne
1128 4042 1190 4074 aroc
1201 4034 1246 4078 cet.

130 4097 189 4148 ⁹⁵⁵.
209 4098 347 4158 imbrtaqua
363 4103 399 4144 eat
414 4099 534 4155 scriptura
548 4097 626 4152 Cat„
640 4098 712 4142 etiam
724 4097 753 4144 G.
766 4095 797 4139 E.
817 4095 878 4141 Hine
894 4094 1025 4140 dubitatum
1041 4100 1078 4142 aat
1092 4101 1171 4142 utrum
1182 4102 1248 4144 aaaat

126 4170 203 4230 gealt.
216 4169 323 4228 singul,
340 4181 465 4214 araceus.
479 4169 543 4223 plur.
562 4168 613 4212 lloe
628 4169 743 4221 praestat.
782 4160 842 4210 ⁹⁵7.
859 4163 1244 4211 aca'bantaxbibantl’lus-llar.

126 4238 244 4286 arietant
258 4238 336 4285 cota.
350 4237 409 4296 aliq.
422 4237 453 4284 (l.
465 4237 497 4284 E.
508 4239 588 4292 Van,
606 4236 667 4283 unta
680 4233 750 4282 fluxit
759 4234 837 4282 inania
850 4235 893 4282 W.
906 4235 970 4283 caui.
986 4234 1101 4282 aeteram
1109 4234 1139 4280 ab
1150 4234 1245 4280 Eicbet.

124 4313 231 4356 rataata.
