2948 4820
548 333 591 402 C.
614 331 814 400 VALERH
836 329 1014 398 FLACCI

451 439 718 526 Auoouunrscou
739 436 818 500 Lus.
841 435 944 500 Vlll.
969 434 1109 498 1-190.

261 544 307 608 At
329 541 483 625 trepidam
506 539 538 604 in
560 537 705 603 thalamis
727 547 759 600 et
781 537 840 601 isin
863 559 919 600 sus
939 535 1023 600 iaetu
1045 543 1212 618 paventem

221 643 380 710 Colchida
403 643 488 706 eirca
512 661 621 706 omnes
643 639 765 724 pariter
786 639 952 724 furiaeque
975 636 1143 720 ruinaeque
1190 631 1195 640 '

221 747 329 813 Patris
353 747 488 820 habent3
512 765 571 808 nee
592 742 731 822 ereruulei
752 740 850 806 timor
872 739 1022 826 aequioris
1047 740 1129 801 ultre

220 851 292 914 Nee
315 849 446 914 miserae
469 857 557 912 terra
580 845 641 910 ulls
664 845 798 928 procul3
822 863 1025 926 quascunque
1047 861 1107 923 per
1129 842 1228 902 undas

221 953 323 1016 Ferre
343 949 475 1034 lugam,
500 968 720 1032 qussiuounque
742 944 830 1027 erupit
851 943 912 1006 ium
935 945 1087 1007 scandere
1110 941 1254 1024 puppim.
1325 939 1345 1002 5

220 1052 339 1118 Ultima
362 1047 515 1134 virgineis
537 1058 612 1112 tune
632 1048 711 1112 fleus
733 1046 817 1112 dedit
839 1045 948 1111 oscula
972 1044 1080 1120 vittis,
1148 1037 1152 1044 “

222 1154 379 1238 Quosque
400 1149 503 1236 lngit,
527 1153 695 1232 complexe
717 1159 828 1222 toros,
852 1147 1036 1231 crinemque
1059 1163 1221 1229 genasque

221 1256 338 1338 Ungue
360 1273 419 1336 per
440 1243 562 1334 antiqui
583 1249 704 1333 carpsit
727 1248 860 1332 vestigia
883 1247 987 1312 somni

222 1359 331 1442 Atque
353 1355 431 1418 haee
453 1352 611 1436 impresso
634 1350 753 1436 gemuit
775 1351 952 1416 miseranda
975 1348 1092 1412 cubili:

221 1457 278 1534 „0
302 1454 378 1520 mihi
399 1455 426 1520 si
447 1455 607 1539 profugae
629 1453 758 1538 genitor
780 1472 863 1515 nuuc
884 1451 938 1514 ille
960 1469 1128 1532 supremos
1301 1449 1347 1508 10

222 1558 420 1642 Amplexus,
443 1557 566 1631 Aeeta,
591 1557 682 1620 danes
705 1553 862 1638 fletusque
884 1552 1010 1617 videres

223 1663 311 1725 Ecce
334 1666 440 1732 ineos!
462 1659 512 1722 Ne
534 1661 650 1732 crede,
674 1665 784 1740 pater,
809 1675 873 1720 non
896 1654 1004 1718 carior
1026 1653 1078 1718 ille
1101 1663 1169 1728 est,

170 1779 174 1786 “
224 1763 327 1843 Quem
350 1758 533 1844 sequimur3
555 1757 684 1821 tumidis
706 1756 822 1820 utinam
845 1755 938 1820 simul
960 1757 1080 1820 obruar
1102 1755 1211 1819 trudis!

225 1865 297 1938 'l'u,
320 1882 458 1946 precor,
482 1861 561 1922 haec
583 1861 699 1940 longae
723 1857 865 1939 placidus
888 1878 965 1922 mox
987 1869 1114 1940 sceptra
1136 1869 1284 1920 senectae

226 1965 313 2030 Trita
335 1983 431 2048 geras
453 1959 629 2043 meliorque
652 1960 710 2023 tibi
732 1960 772 2022 sit
793 1973 899 2022 cetera
922 1959 1067 2042 proles.''
1309 1962 1351 2024 15
1456 2055 1457 2058 Ἴ

223 2064 319 2129 Dixit
341 2074 391 2141 et,
416 2061 598 2138 Haemonio
621 2082 779 2146 nunquam
802 2063 977 2142 spernenda
1003 2059 1135 2137 interito,

227 2165 367 2230 Condita
389 2163 524 2228 letiferis
547 2163 655 2246 prodit
677 2161 882 2228 medicamina
904 2163 1009 2238 cistis,

223 2267 464 2351 virgineosque
486 2265 573 2330 sinus
595 2265 761 2348 ipsumque
783 2265 901 2328 monile
925 2266 1053 2328 venenis

224 2368 371 2451 implicat
393 2389 430 2432 ae
452 2388 581 2432 suevum
603 2387 701 2449 super
724 2366 871 2432 omuibus
890 2357 1012 2432 'aduidit
1035 2388 1155 2432 ensem.

226 2472 305 2535 Iutle
330 2471 419 2533 velut
439 2480 529 2534 torto
553 2469 723 2536 Furiarum
747 2467 848 2532 eiecta
869 2469 1001 2552 flagello
1136 2475 1138 2481 '
1309 2470 1352 2532 20

224 2569 381 2647 Prosilit;
404 2570 541 2635 attonito
565 2570 666 2655 qualis
688 2573 770 2651 pede
793 2569 919 2652 prosilit
943 2573 1001 2636 luo

226 2675 264 2736 ln
287 2673 369 2735 freta
391 2693 450 2736 nee
471 2672 564 2755 parvi
588 2671 725 2736 meminit
748 2673 921 2736 conterrita
944 2673 1027 2749 uati,

228 2776 332 2855 Quem
355 2784 460 2849 tenen
484 2785 659 2838 extremum
683 2773 801 2836 coniux
822 2774 897 2838 lenit
920 2775 1030 2840 irritus
1052 2777 1210 2842 lstluuou.

270 2877 335 2941 lem
359 2873 452 2957 prior
474 2874 505 2938 in
528 2875 618 2938 luens
640 2875 726 2938 euris
750 2875 938 2958 urgentibus
963 2880 1060 2943 henos

226 2979 370 3040 Venerat
392 2987 423 3039 et
445 2976 583 3040 nemoris
606 2998 695 3040 suere
718 2999 753 3041 se
775 2989 870 3041 nocte
892 2981 1045 3064 tegebat,

229 3082 322 3142 'suune
345 3098 474 3162 quoque
499 3077 619 3142 siderea
644 3080 748 3143 clarus
769 3081 885 3161 procul
909 3102 965 3144 ora
989 3080 1129 3146 iuventa.
1203 3131 1207 3136 .

229 3179 341 3261 Qualis
364 3181 467 3242 adhue
488 3180 607 3260 sparsis
629 3179 779 3246 comitum
803 3203 861 3262 per
883 3182 983 3246 lustra
1005 3185 1142 3246 catervis

228 3280 374 3344 Latmius
397 3282 517 3345 aestiva
538 3281 655 3372 residet
677 3281 864 3347 venatorio
888 3284 1017 3360 umbra,

228 3383 354 3468 Dignus
378 3404 487 3450 aunone
509 3383 616 3462 Deae;
640 3384 750 3450 velatis
773 3381 924 3450 cornibus
949 3395 980 3448 et
1002 3383 1061 3448 ium

300 3607 324 3656 1.
337 3605 425 3670 sueto]
443 3610 566 3666 tselnors,
595 3625 655 3670 ques
674 3613 721 3660 issu
739 3616 919 3670 perpetrasset,
944 3625 1051 3670 quaeque
1069 3625 1126 3656 mor
1143 3612 1268 3668 inceptum
1288 3618 1351 3660 esset
1457 3603 1458 3612 ¹

230 3694 257 3727 ee
274 3681 336 3724 male
356 3680 409 3728 iude
428 3686 595 3726 consecutura.
616 3704 649 3718 -ι-
665 3677 727 3738 suto
745 3683 810 3736 Alii,
842 3682 912 3736 prob.
934 3682 1081 3726 Weichert:
1101 3683 1143 3726 sed
1162 3681 1206 3726 hoc
1226 3684 1296 3741 louge
1316 3685 1350 3727 io-

230 3747 323 3797 firminr
341 3750 393 3792 illo.
433 3745 457 3797 3.
477 3749 574 3792 cirrum
591 3775 607 3790 -
624 3739 703 3809 uguut
721 3751 804 3795 lleius.
825 3747 934 3803 ,diuisus
958 3755 995 3796 est
1021 3756 1118 3806 tenere,
1147 3757 1297 3808 occupatum
1319 3757 1351 3796 te-

230 3819 316 3863 uers.”
335 3817 430 3864 wrict.
464 3815 494 3862 ¹8.
514 3818 599 3866 Eidem
617 3820 679 3863 lecto
697 3819 852 3872 incumbens,
872 3820 895 3864 in
914 3833 961 3874 quo
980 3821 1043 3864 tristi
1062 3807 1225 3874 somuo‘uub.
1241 3818 1265 3875 5,
1282 3817 1352 3874 334.)

230 3888 370 3934 conturbate
388 3887 483 3946 fueret,
515 3889 601 3946 quique
625 3890 700 3932 lectus
724 3887 835 3933 seruabat
859 3889 926 3946 quusi
954 3889 1025 3932 etiem
1050 3893 1105 3933 tune
1134 3889 1237 3948 vestigia
1263 3890 1352 3946 antiqui

231 3956 324 4010 ronnei,
345 3957 458 4008 laceravit
474 3957 564 4002 eriusru
583 3957 730 4014 genusque.’'
749 3971 832 4015 ungris
857 3969 886 4000 ex
912 3960 1003 4002 emend.
1023 3959 1105 4002 Burin.
1125 3957 1223 4002 Weielr.
1243 3982 1277 3992 -
1295 3963 1352 4002 unte

232 4025 292 4070 Cdd.
318 4045 346 4060 -
371 4031 429 4070 octo
447 4027 464 4069 l.
485 4039 507 4072 r.
527 4028 630 4084 ugitutu,
650 4026 800 4074 stothouwu·
819 4031 842 4072 et
861 4027 979 4070 llotmeuu
998 4026 1141 4081 Peerlkamp
1159 4023 1227 4070 esu.
1248 4027 1306 4072 erit.
1325 4039 1350 4071 n.

233 4091 263 4144 5,
283 4105 306 4145 p.
329 4089 387 4138 173.
415 4091 455 4137 10.
481 4094 549 4136 mitte
567 4095 652 4137 Heius.
689 4095 753 4147 „Sed
773 4095 814 4137 ille
834 4094 926 4147 Aeeta,
956 4095 1066 4140 diversus
1085 4107 1200 4150 personae
1220 4096 1351 4149 vocabule,

220 4159 435 4214 ,psrtnnbutmuem
453 4161 525 4204 uultui
544 4163 641 4219 egi-egis
661 4163 783 4220 μίιηςιιιιίβΙ
827 4163 922 4208 Dureau
942 4167 971 4208 (le
990 4164 1105 4208 Lamalle.
1144 4161 1186 4209 1¹l.
1205 4165 1298 4230 longae
1315 4191 1324 4201 .
1343 4189 1351 4200 .

233 4225 358 4283 reuectus]
386 4239 440 4269 eum
457 4229 517 4278 Cdd.
539 4231 633 4276 Weleh.
650 4229 769 4288 plucs'dur
788 4237 917 4285 senectus,
938 4237 963 4276 nt
980 4232 1106 4292 greudtor
1125 4235 1197 4287 oret,
1209 4231 1283 4292 felix
1300 4233 1351 4288 leti,
