<?xml version="1.0" encoding="UTF-8"?>
<!DOCTYPE html PUBLIC "-//W3C//DTD XHTML 1.0 Transitional//EN"
    "http://www.w3.org/TR/xhtml1/DTD/xhtml1-transitional.dtd">
<html xmlns="http://www.w3.org/1999/xhtml" xml:lang="en" lang="en">
 <head>
  <title>
</title>
<meta http-equiv="Content-Type" content="text/html;charset=utf-8" />
  <meta name='ocr-system' content='tesseract 3.04.00' />
  <meta name='ocr-capabilities' content='ocr_page ocr_carea ocr_par ocr_line ocrx_word'/>
</head>
<body>
  <div class='ocr_page' id='page_1' title='image "./eclogaepoetarum01orelgoog_0268.png"; bbox 0 0 2946 4816; ppageno 0'>
   <div class='ocr_carea' id='block_1_1' title="bbox 122 399 1254 1098">
    <p class='ocr_par' dir='ltr' id='par_1_1' title="bbox 134 399 894 485">
     <span class='ocr_line' id='line_1_1' title="bbox 134 399 894 485; baseline 0.001 -19"><span class='ocrx_word' id='word_1_1' title='bbox 134 399 313 466; x_wconf 84' lang='lat' dir='ltr'>Nescierint</span> <span class='ocrx_word' id='word_1_2' title='bbox 334 399 430 483; x_wconf 89' lang='lat' dir='ltr'>primi</span> <span class='ocrx_word' id='word_1_3' title='bbox 453 400 576 485; x_wconf 78' lang='lat' dir='ltr'>gladios</span> <span class='ocrx_word' id='word_1_4' title='bbox 600 404 775 466; x_wconf 71' lang='lat' dir='ltr'><strong>extundere</strong></span> <span class='ocrx_word' id='word_1_5' title='bbox 797 401 894 467; x_wconf 86' lang='lat' dir='ltr'>labri.</span> 
     </span>
    </p>

    <p class='ocr_par' dir='ltr' id='par_1_2' title="bbox 133 503 994 586">
     <span class='ocr_line' id='line_1_2' title="bbox 133 503 994 586; baseline 0.003 -20"><span class='ocrx_word' id='word_1_6' title='bbox 133 503 337 585; x_wconf 79' lang='lat' dir='ltr'>Adspieirnus</span> <span class='ocrx_word' id='word_1_7' title='bbox 360 503 518 585; x_wconf 85' lang='lat' dir='ltr'>poprrlos,</span> <span class='ocrx_word' id='word_1_8' title='bbox 544 525 680 586; x_wconf 90' lang='lat' dir='ltr'>quorurn</span> <span class='ocrx_word' id='word_1_9' title='bbox 704 525 768 569; x_wconf 88' lang='lat' dir='ltr'>non</span> <span class='ocrx_word' id='word_1_10' title='bbox 790 504 906 568; x_wconf 83' lang='lat' dir='ltr'>sufficit</span> <span class='ocrx_word' id='word_1_11' title='bbox 927 504 994 569; x_wconf 87' lang='lat' dir='ltr'>irae</span> 
     </span>
    </p>

    <p class='ocr_par' dir='ltr' id='par_1_3' title="bbox 122 605 1254 793">
     <span class='ocr_line' id='line_1_3' title="bbox 135 605 1254 688; baseline 0.001 -19"><span class='ocrx_word' id='word_1_12' title='bbox 135 606 300 669; x_wconf 88' lang='lat' dir='ltr'>Occidisse</span> <span class='ocrx_word' id='word_1_13' title='bbox 322 605 479 688; x_wconf 82' lang='lat' dir='ltr'><strong>aliquem,</strong></span> <span class='ocrx_word' id='word_1_14' title='bbox 504 607 560 668; x_wconf 87' lang='lat' dir='ltr'>sed</span> <span class='ocrx_word' id='word_1_15' title='bbox 581 616 732 686; x_wconf 84' lang='lat' dir='ltr'>pectora,</span> <span class='ocrx_word' id='word_1_16' title='bbox 757 606 905 683; x_wconf 84' lang='lat' dir='ltr'>brachia,</span> <span class='ocrx_word' id='word_1_17' title='bbox 930 607 1053 673; x_wconf 86' lang='lat' dir='ltr'>voltum</span> <span class='ocrx_word' id='word_1_18' title='bbox 1191 608 1254 674; x_wconf 86' lang='grc'>170</span> 
     </span>
     <span class='ocr_line' id='line_1_4' title="bbox 122 698 1030 793; baseline 0.001 -22"><span class='ocrx_word' id='word_1_19' title='bbox 122 698 340 771; x_wconf 72' lang='lat' dir='ltr'>&#39;crediderint</span> <span class='ocrx_word' id='word_1_20' title='bbox 362 727 463 790; x_wconf 83' lang='lat' dir='ltr'>genus</span> <span class='ocrx_word' id='word_1_21' title='bbox 486 727 555 770; x_wconf 89' lang='lat' dir='ltr'>esse</span> <span class='ocrx_word' id='word_1_22' title='bbox 578 706 653 770; x_wconf 88' lang='lat' dir='ltr'>cibi.</span> <span class='ocrx_word' id='word_1_23' title='bbox 700 707 786 788; x_wconf 83' lang='lat' dir='ltr'>Quid</span> <span class='ocrx_word' id='word_1_24' title='bbox 809 708 928 772; x_wconf 85' lang='lat' dir='ltr'>diceret</span> <span class='ocrx_word' id='word_1_25' title='bbox 950 729 1030 793; x_wconf 86' lang='lat' dir='ltr'>ergo</span> 
     </span>
    </p>

    <p class='ocr_par' dir='ltr' id='par_1_4' title="bbox 133 808 1108 994">
     <span class='ocr_line' id='line_1_5' title="bbox 133 808 1108 892; baseline 0.002 -22"><span class='ocrx_word' id='word_1_26' title='bbox 133 809 197 870; x_wconf 91' lang='lat' dir='ltr'>Vel</span> <span class='ocrx_word' id='word_1_27' title='bbox 222 829 287 890; x_wconf 91' lang='lat' dir='ltr'>quo</span> <span class='ocrx_word' id='word_1_28' title='bbox 309 829 372 870; x_wconf 90' lang='lat' dir='ltr'>nou</span> <span class='ocrx_word' id='word_1_29' title='bbox 396 809 537 892; x_wconf 81' lang='lat' dir='ltr'>lugeret,</span> <span class='ocrx_word' id='word_1_30' title='bbox 563 808 590 870; x_wconf 87' lang='lat' dir='ltr'>si</span> <span class='ocrx_word' id='word_1_31' title='bbox 613 829 695 870; x_wconf 87' lang='lat' dir='ltr'>nune</span> <span class='ocrx_word' id='word_1_32' title='bbox 718 809 796 870; x_wconf 86' lang='lat' dir='ltr'>haee</span> <span class='ocrx_word' id='word_1_33' title='bbox 819 819 961 872; x_wconf 89' lang='lat' dir='ltr'>monstra</span> <span class='ocrx_word' id='word_1_34' title='bbox 985 808 1108 872; x_wconf 87' lang='lat' dir='ltr'>videret</span> 
     </span>
     <span class='ocr_line' id='line_1_6' title="bbox 134 907 972 994; baseline -0.001 -21"><span class='ocrx_word' id='word_1_35' title='bbox 134 908 369 992; x_wconf 76' lang='lat' dir='ltr'>Pythagoras?</span> <span class='ocrx_word' id='word_1_36' title='bbox 392 909 512 972; x_wconf 81' lang='lat' dir='ltr'>ermetis</span> <span class='ocrx_word' id='word_1_37' title='bbox 535 907 719 972; x_wconf 81' lang='lat' dir='ltr'>animalibus</span> <span class='ocrx_word' id='word_1_38' title='bbox 743 908 894 972; x_wconf 79' lang='lat' dir='ltr'>abstinuit</span> <span class='ocrx_word' id='word_1_39' title='bbox 917 909 972 994; x_wconf 91' lang='lat' dir='ltr'>qui</span> 
     </span>
    </p>

    <p class='ocr_par' dir='ltr' id='par_1_5' title="bbox 135 1010 1180 1098">
     <span class='ocr_line' id='line_1_7' title="bbox 135 1010 1180 1098; baseline 0.005 -24"><span class='ocrx_word' id='word_1_40' title='bbox 135 1013 312 1094; x_wconf 78' lang='lat' dir='ltr'>&#39;l&#39;aruquarn</span> <span class='ocrx_word' id='word_1_41' title='bbox 335 1011 462 1076; x_wconf 87' lang='lat' dir='ltr'>homine</span> <span class='ocrx_word' id='word_1_42' title='bbox 485 1022 516 1074; x_wconf 84' lang='lat' dir='ltr'>et</span> <span class='ocrx_word' id='word_1_43' title='bbox 539 1011 643 1074; x_wconf 86' lang='lat' dir='ltr'>ventri</span> <span class='ocrx_word' id='word_1_44' title='bbox 665 1010 793 1076; x_wconf 83' lang='lat' dir='ltr'>indulsit</span> <span class='ocrx_word' id='word_1_45' title='bbox 815 1031 879 1095; x_wconf 74' lang='lat' dir='ltr'>nott</span> <span class='ocrx_word' id='word_1_46' title='bbox 903 1033 996 1076; x_wconf 88' lang='lat' dir='ltr'>omne</span> <span class='ocrx_word' id='word_1_47' title='bbox 1018 1015 1180 1098; x_wconf 81' lang='lat' dir='ltr'>legumen.</span> 
     </span>
    </p>
   </div>
   <div class='ocr_carea' id='block_1_2' title="bbox 395 1243 991 1346">
    <p class='ocr_par' dir='ltr' id='par_1_6' title="bbox 395 1243 991 1346">
     <span class='ocr_line' id='line_1_8' title="bbox 395 1243 991 1346; baseline 0.003 -2"><span class='ocrx_word' id='word_1_48' title='bbox 395 1281 461 1344; x_wconf 79' lang='lat' dir='ltr'>ax</span> <span class='ocrx_word' id='word_1_49' title='bbox 484 1279 657 1344; x_wconf 78' lang='lat' dir='ltr'>sarum</span> <span class='ocrx_word' id='word_1_50' title='bbox 680 1281 726 1343; x_wconf 82' lang='lat' dir='ltr'>x.</span> <span class='ocrx_word' id='word_1_51' title='bbox 751 1243 784 1343; x_wconf 54' lang='lat' dir='ltr'>v&#39;.</span> <span class='ocrx_word' id='word_1_52' title='bbox 810 1278 991 1346; x_wconf 78' lang='lat' dir='ltr'>aaa-aaa.</span> 
     </span>
    </p>
   </div>
   <div class='ocr_carea' id='block_1_3' title="bbox 131 1417 1253 3538">
    <p class='ocr_par' dir='ltr' id='par_1_7' title="bbox 134 1417 1004 1706">
     <span class='ocr_line' id='line_1_9' title="bbox 134 1417 1004 1503; baseline 0 -19"><span class='ocrx_word' id='word_1_53' title='bbox 134 1419 190 1484; x_wconf 84' lang='lat' dir='ltr'>Nil</span> <span class='ocrx_word' id='word_1_54' title='bbox 213 1439 294 1503; x_wconf 86' lang='lat' dir='ltr'>ergo</span> <span class='ocrx_word' id='word_1_55' title='bbox 318 1421 475 1500; x_wconf 90' lang='lat' dir='ltr'>optabunt</span> <span class='ocrx_word' id='word_1_56' title='bbox 496 1417 666 1482; x_wconf 85' lang='lat' dir='ltr'>homiues?</span> <span class='ocrx_word' id='word_1_57' title='bbox 690 1418 723 1482; x_wconf 91' lang='lat' dir='ltr'>Si</span> <span class='ocrx_word' id='word_1_58' title='bbox 746 1417 911 1483; x_wconf 87' lang='lat' dir='ltr'>eonsilium</span> <span class='ocrx_word' id='word_1_59' title='bbox 935 1419 1004 1499; x_wconf 86' lang='lat' dir='ltr'>vis,</span> 
     </span>
     <span class='ocr_line' id='line_1_10' title="bbox 136 1515 941 1604; baseline 0 -20"><span class='ocrx_word' id='word_1_60' title='bbox 136 1521 310 1586; x_wconf 77' lang='lat' dir='ltr'>Permittes</span> <span class='ocrx_word' id='word_1_61' title='bbox 331 1520 408 1602; x_wconf 89' lang='lat' dir='ltr'>ipsis</span> <span class='ocrx_word' id='word_1_62' title='bbox 432 1515 613 1601; x_wconf 78' lang='lat' dir='ltr'>expendere</span> <span class='ocrx_word' id='word_1_63' title='bbox 638 1519 839 1598; x_wconf 87' lang='lat' dir='ltr'>numinibus,</span> <span class='ocrx_word' id='word_1_64' title='bbox 857 1520 941 1604; x_wconf 91' lang='lat' dir='ltr'>quid</span> 
     </span>
     <span class='ocr_line' id='line_1_11' title="bbox 135 1621 930 1706; baseline 0 -20"><span class='ocrx_word' id='word_1_65' title='bbox 135 1621 318 1686; x_wconf 81' lang='lat' dir='ltr'>Conveniat</span> <span class='ocrx_word' id='word_1_66' title='bbox 340 1621 432 1686; x_wconf 89' lang='lat' dir='ltr'>nobis</span> <span class='ocrx_word' id='word_1_67' title='bbox 453 1624 615 1706; x_wconf 84' lang='lat' dir='ltr'>rebusque</span> <span class='ocrx_word' id='word_1_68' title='bbox 638 1623 678 1684; x_wconf 87' lang='lat' dir='ltr'>sit</span> <span class='ocrx_word' id='word_1_69' title='bbox 700 1622 775 1684; x_wconf 83' lang='lat' dir='ltr'>utile</span> <span class='ocrx_word' id='word_1_70' title='bbox 798 1623 930 1686; x_wconf 90' lang='lat' dir='ltr'>nostris.</span> 
     </span>
    </p>

    <p class='ocr_par' dir='ltr' id='par_1_8' title="bbox 131 1722 1108 2215">
     <span class='ocr_line' id='line_1_12' title="bbox 134 1722 1042 1808; baseline 0.002 -20"><span class='ocrx_word' id='word_1_71' title='bbox 134 1726 218 1788; x_wconf 87' lang='lat' dir='ltr'>Nam</span> <span class='ocrx_word' id='word_1_72' title='bbox 241 1744 303 1806; x_wconf 87' lang='lat' dir='ltr'>pro</span> <span class='ocrx_word' id='word_1_73' title='bbox 325 1722 470 1788; x_wconf 84' lang='lat' dir='ltr'>iucundis</span> <span class='ocrx_word' id='word_1_74' title='bbox 494 1722 654 1805; x_wconf 88' lang='lat' dir='ltr'>aptissima</span> <span class='ocrx_word' id='word_1_75' title='bbox 677 1745 822 1808; x_wconf 89' lang='lat' dir='ltr'>quaeque</span> <span class='ocrx_word' id='word_1_76' title='bbox 849 1726 968 1788; x_wconf 87' lang='lat' dir='ltr'>dabunt</span> <span class='ocrx_word' id='word_1_77' title='bbox 990 1725 1042 1790; x_wconf 86' lang='lat' dir='ltr'>di:</span> 
     </span>
     <span class='ocr_line' id='line_1_13' title="bbox 135 1824 1081 1908; baseline 0.002 -18"><span class='ocrx_word' id='word_1_78' title='bbox 135 1824 256 1890; x_wconf 89' lang='lat' dir='ltr'>Carior</span> <span class='ocrx_word' id='word_1_79' title='bbox 279 1836 326 1888; x_wconf 88' lang='lat' dir='ltr'>est</span> <span class='ocrx_word' id='word_1_80' title='bbox 350 1825 409 1887; x_wconf 89' lang='lat' dir='ltr'>illis</span> <span class='ocrx_word' id='word_1_81' title='bbox 433 1826 551 1902; x_wconf 91' lang='lat' dir='ltr'>bomo,</span> <span class='ocrx_word' id='word_1_82' title='bbox 577 1847 670 1908; x_wconf 89' lang='lat' dir='ltr'>quam</span> <span class='ocrx_word' id='word_1_83' title='bbox 694 1826 766 1888; x_wconf 82' lang='lat' dir='ltr'>sibi.</span> <span class='ocrx_word' id='word_1_84' title='bbox 811 1828 882 1890; x_wconf 90' lang='lat' dir='ltr'>Nos</span> <span class='ocrx_word' id='word_1_85' title='bbox 905 1827 1081 1900; x_wconf 85' lang='lat' dir='ltr'>animorum</span> 
     </span>
     <span class='ocr_line' id='line_1_14' title="bbox 134 1925 950 2010; baseline -0.002 -19"><span class='ocrx_word' id='word_1_86' title='bbox 134 1927 281 2008; x_wconf 85' lang='lat' dir='ltr'>Irupulsu</span> <span class='ocrx_word' id='word_1_87' title='bbox 303 1938 335 1990; x_wconf 90' lang='lat' dir='ltr'>et</span> <span class='ocrx_word' id='word_1_88' title='bbox 358 1948 450 1989; x_wconf 87' lang='lat' dir='ltr'>caeca</span> <span class='ocrx_word' id='word_1_89' title='bbox 475 1948 651 2010; x_wconf 82' lang='lat' dir='ltr'>magnaque</span> <span class='ocrx_word' id='word_1_90' title='bbox 674 1927 821 2008; x_wconf 79' lang='lat' dir='ltr'>cupidine</span> <span class='ocrx_word' id='word_1_91' title='bbox 845 1925 950 2004; x_wconf 80' lang='lat' dir='ltr'>ducti,</span> 
     </span>
     <span class='ocr_line' id='line_1_15' title="bbox 134 2011 1108 2118; baseline 0 -24"><span class='ocrx_word' id='word_1_92' title='bbox 134 2029 330 2114; x_wconf 83' lang='lat' dir='ltr'>Coniugium</span> <span class='ocrx_word' id='word_1_93' title='bbox 354 2011 490 2111; x_wconf 83' lang='lat' dir='ltr'>petimus</span> <span class='ocrx_word' id='word_1_94' title='bbox 512 2041 702 2114; x_wconf 80' lang='lat' dir='ltr'>partumque</span> <span class='ocrx_word' id='word_1_95' title='bbox 725 2030 857 2093; x_wconf 88' lang='lat' dir='ltr'>uxoris:</span> <span class='ocrx_word' id='word_1_96' title='bbox 887 2041 917 2092; x_wconf 83' lang='lat' dir='ltr'>at</span> <span class='ocrx_word' id='word_1_97' title='bbox 940 2029 1002 2094; x_wconf 90' lang='lat' dir='ltr'>illis</span> <span class='ocrx_word' id='word_1_98' title='bbox 1036 2109 1039 2118; x_wconf 20' lang='grc' dir='ltr'><strong><em>Δ</em></strong></span> <span class='ocrx_word' id='word_1_99' title='bbox 1105 2065 1108 2070; x_wconf 90' lang='grc'><em>·</em></span> 
     </span>
     <span class='ocr_line' id='line_1_16' title="bbox 131 2123 965 2215; baseline -0.002 -19"><span class='ocrx_word' id='word_1_100' title='bbox 131 2133 273 2206; x_wconf 87' lang='lat' dir='ltr'>Notum,</span> <span class='ocrx_word' id='word_1_101' title='bbox 298 2132 353 2215; x_wconf 90' lang='lat' dir='ltr'>qui</span> <span class='ocrx_word' id='word_1_102' title='bbox 375 2131 467 2211; x_wconf 79' lang='lat' dir='ltr'>pareri</span> <span class='ocrx_word' id='word_1_103' title='bbox 490 2130 653 2214; x_wconf 88' lang='lat' dir='ltr'>qualisque</span> <span class='ocrx_word' id='word_1_104' title='bbox 675 2131 782 2194; x_wconf 88' lang='lat' dir='ltr'>futura</span> <span class='ocrx_word' id='word_1_105' title='bbox 804 2130 844 2194; x_wconf 88' lang='lat' dir='ltr'>sit</span> <span class='ocrx_word' id='word_1_106' title='bbox 869 2123 965 2198; x_wconf 79' lang='lat' dir='ltr'>uiror.</span> 
     </span>
    </p>

    <p class='ocr_par' dir='ltr' id='par_1_9' title="bbox 131 2232 1074 3027">
     <span class='ocr_line' id='line_1_17' title="bbox 131 2232 988 2316; baseline -0.002 -18"><span class='ocrx_word' id='word_1_107' title='bbox 131 2235 179 2298; x_wconf 89' lang='lat' dir='ltr'>Ut</span> <span class='ocrx_word' id='word_1_108' title='bbox 200 2243 302 2294; x_wconf 87' lang='lat' dir='ltr'>tamen</span> <span class='ocrx_word' id='word_1_109' title='bbox 326 2243 356 2296; x_wconf 90' lang='lat' dir='ltr'>et</span> <span class='ocrx_word' id='word_1_110' title='bbox 378 2253 495 2313; x_wconf 87' lang='lat' dir='ltr'>poscas</span> <span class='ocrx_word' id='word_1_111' title='bbox 517 2232 636 2315; x_wconf 89' lang='lat' dir='ltr'>aliquid</span> <span class='ocrx_word' id='word_1_112' title='bbox 657 2254 841 2316; x_wconf 83' lang='lat' dir='ltr'>voveasque</span> <span class='ocrx_word' id='word_1_113' title='bbox 863 2233 988 2297; x_wconf 83' lang='lat' dir='ltr'>sacellis</span> 
     </span>
     <span class='ocr_line' id='line_1_18' title="bbox 132 2333 896 2416; baseline -0.001 -17"><span class='ocrx_word' id='word_1_114' title='bbox 132 2337 273 2399; x_wconf 79' lang='lat' dir='ltr'>Extant</span> <span class='ocrx_word' id='word_1_115' title='bbox 296 2333 452 2397; x_wconf 86' lang='lat' dir='ltr'>candiduli</span> <span class='ocrx_word' id='word_1_116' title='bbox 475 2334 579 2396; x_wconf 90' lang='lat' dir='ltr'>diviua</span> <span class='ocrx_word' id='word_1_117' title='bbox 602 2335 760 2398; x_wconf 85' lang='lat' dir='ltr'>tomacula</span> <span class='ocrx_word' id='word_1_118' title='bbox 782 2335 896 2416; x_wconf 82' lang='lat' dir='ltr'>porcia</span> 
     </span>
     <span class='ocr_line' id='line_1_19' title="bbox 134 2434 1046 2520; baseline 0.005 -18"><span class='ocrx_word' id='word_1_119' title='bbox 134 2437 298 2502; x_wconf 88' lang='lat' dir='ltr'>Oraudum</span> <span class='ocrx_word' id='word_1_120' title='bbox 322 2447 388 2511; x_wconf 88' lang='lat' dir='ltr'>est,</span> <span class='ocrx_word' id='word_1_121' title='bbox 413 2446 448 2496; x_wconf 93' lang='lat' dir='ltr'>ut</span> <span class='ocrx_word' id='word_1_122' title='bbox 470 2434 510 2498; x_wconf 88' lang='lat' dir='ltr'>sit</span> <span class='ocrx_word' id='word_1_123' title='bbox 532 2457 618 2502; x_wconf 87' lang='lat' dir='ltr'>mens</span> <span class='ocrx_word' id='word_1_124' title='bbox 641 2457 715 2498; x_wconf 87' lang='lat' dir='ltr'>sana</span> <span class='ocrx_word' id='word_1_125' title='bbox 737 2437 769 2498; x_wconf 92' lang='lat' dir='ltr'>in</span> <span class='ocrx_word' id='word_1_126' title='bbox 793 2458 934 2520; x_wconf 87' lang='lat' dir='ltr'>corpore</span> <span class='ocrx_word' id='word_1_127' title='bbox 955 2459 1046 2507; x_wconf 87' lang='lat' dir='ltr'>sano.</span> 
     </span>
     <span class='ocr_line' id='line_1_20' title="bbox 132 2536 1055 2618; baseline 0 -16"><span class='ocrx_word' id='word_1_128' title='bbox 132 2540 266 2602; x_wconf 82' lang='lat' dir='ltr'>Fortem</span> <span class='ocrx_word' id='word_1_129' title='bbox 289 2557 388 2618; x_wconf 82' lang='lat' dir='ltr'>posce</span> <span class='ocrx_word' id='word_1_130' title='bbox 412 2536 568 2614; x_wconf 91' lang='lat' dir='ltr'>animum,</span> <span class='ocrx_word' id='word_1_131' title='bbox 594 2538 705 2601; x_wconf 85' lang='lat' dir='ltr'>mortis</span> <span class='ocrx_word' id='word_1_132' title='bbox 729 2550 854 2603; x_wconf 89' lang='lat' dir='ltr'>terrore</span> <span class='ocrx_word' id='word_1_133' title='bbox 877 2550 1055 2618; x_wconf 87' lang='lat' dir='ltr'>carentem,</span> 
     </span>
     <span class='ocr_line' id='line_1_21' title="bbox 133 2638 1043 2724; baseline 0.007 -24"><span class='ocrx_word' id='word_1_134' title='bbox 133 2639 199 2720; x_wconf 88' lang='lat' dir='ltr'>Qui</span> <span class='ocrx_word' id='word_1_135' title='bbox 220 2639 355 2720; x_wconf 85' lang='lat' dir='ltr'>spatium</span> <span class='ocrx_word' id='word_1_136' title='bbox 380 2638 464 2701; x_wconf 90' lang='lat' dir='ltr'>vitae</span> <span class='ocrx_word' id='word_1_137' title='bbox 487 2651 662 2702; x_wconf 83' lang='lat' dir='ltr'>extremum</span> <span class='ocrx_word' id='word_1_138' title='bbox 685 2639 768 2702; x_wconf 88' lang='lat' dir='ltr'>inter</span> <span class='ocrx_word' id='word_1_139' title='bbox 791 2663 920 2706; x_wconf 86' lang='lat' dir='ltr'>munera</span> <span class='ocrx_word' id='word_1_140' title='bbox 941 2653 1043 2724; x_wconf 85' lang='lat' dir='ltr'>ponat</span> 
     </span>
     <span class='ocr_line' id='line_1_22' title="bbox 131 2740 1074 2827; baseline 0 -23"><span class='ocrx_word' id='word_1_141' title='bbox 131 2743 298 2816; x_wconf 83' lang='lat' dir='ltr'>Naturae,</span> <span class='ocrx_word' id='word_1_142' title='bbox 324 2740 377 2824; x_wconf 92' lang='lat' dir='ltr'>qui</span> <span class='ocrx_word' id='word_1_143' title='bbox 399 2741 485 2804; x_wconf 84' lang='lat' dir='ltr'>lerre</span> <span class='ocrx_word' id='word_1_144' title='bbox 509 2751 602 2823; x_wconf 89' lang='lat' dir='ltr'>queat</span> <span class='ocrx_word' id='word_1_145' title='bbox 625 2762 831 2827; x_wconf 83' lang='lat' dir='ltr'>quoscunque</span> <span class='ocrx_word' id='word_1_146' title='bbox 854 2743 1002 2820; x_wconf 82' lang='lat' dir='ltr'>labores,</span> <span class='ocrx_word' id='word_1_147' title='bbox 1073 2783 1074 2788; x_wconf 22' lang='grc' dir='ltr'><strong><em>κ</em></strong></span> 
     </span>
     <span class='ocr_line' id='line_1_23' title="bbox 133 2841 1043 2924; baseline 0 -19"><span class='ocrx_word' id='word_1_148' title='bbox 133 2841 265 2906; x_wconf 85' lang='lat' dir='ltr'>Nesciat</span> <span class='ocrx_word' id='word_1_149' title='bbox 286 2841 399 2918; x_wconf 84' lang='lat' dir='ltr'>irasci,</span> <span class='ocrx_word' id='word_1_150' title='bbox 424 2841 531 2923; x_wconf 85' lang='lat' dir='ltr'>cupiat</span> <span class='ocrx_word' id='word_1_151' title='bbox 553 2842 628 2904; x_wconf 90' lang='lat' dir='ltr'>nibil</span> <span class='ocrx_word' id='word_1_152' title='bbox 653 2854 683 2904; x_wconf 90' lang='lat' dir='ltr'>et</span> <span class='ocrx_word' id='word_1_153' title='bbox 706 2845 851 2924; x_wconf 86' lang='lat' dir='ltr'>potiores</span> <span class='ocrx_word' id='word_1_154' title='bbox 893 2881 895 2888; x_wconf 75' lang='lat'>=</span> <span class='ocrx_word' id='word_1_155' title='bbox 1042 2847 1043 2850; x_wconf 70' lang='grc'>’</span> 
     </span>
     <span class='ocr_line' id='line_1_24' title="bbox 132 2943 960 3027; baseline 0.001 -19"><span class='ocrx_word' id='word_1_156' title='bbox 132 2943 286 3008; x_wconf 88' lang='lat' dir='ltr'>Herculis</span> <span class='ocrx_word' id='word_1_157' title='bbox 309 2965 475 3007; x_wconf 82' lang='lat' dir='ltr'>aerumnas</span> <span class='ocrx_word' id='word_1_158' title='bbox 497 2947 607 3007; x_wconf 82' lang='lat' dir='ltr'>eredat</span> <span class='ocrx_word' id='word_1_159' title='bbox 628 2965 807 3027; x_wconf 77' lang='lat' dir='ltr'>saevosque</span> <span class='ocrx_word' id='word_1_160' title='bbox 831 2947 960 3009; x_wconf 87' lang='lat' dir='ltr'>labores</span> 
     </span>
    </p>

    <p class='ocr_par' dir='ltr' id='par_1_10' title="bbox 131 3045 1253 3538">
     <span class='ocr_line' id='line_1_25' title="bbox 131 3045 942 3129; baseline 0.001 -19"><span class='ocrx_word' id='word_1_161' title='bbox 131 3047 178 3110; x_wconf 91' lang='lat' dir='ltr'>Et</span> <span class='ocrx_word' id='word_1_162' title='bbox 200 3048 329 3109; x_wconf 88' lang='lat' dir='ltr'>Venere</span> <span class='ocrx_word' id='word_1_163' title='bbox 353 3056 385 3109; x_wconf 91' lang='lat' dir='ltr'>et</span> <span class='ocrx_word' id='word_1_164' title='bbox 407 3045 517 3114; x_wconf 80' lang='lat' dir='ltr'>eoeuis</span> <span class='ocrx_word' id='word_1_165' title='bbox 540 3057 570 3108; x_wconf 79' lang='lat' dir='ltr'>et</span> <span class='ocrx_word' id='word_1_166' title='bbox 591 3046 697 3127; x_wconf 89' lang='lat' dir='ltr'>pluma</span> <span class='ocrx_word' id='word_1_167' title='bbox 723 3047 942 3129; x_wconf 84' lang='lat' dir='ltr'>Sardanapali.</span> 
     </span>
     <span class='ocr_line' id='line_1_26' title="bbox 131 3145 1050 3230; baseline 0.005 -20"><span class='ocrx_word' id='word_1_168' title='bbox 131 3147 287 3211; x_wconf 87' lang='lat' dir='ltr'>Monstro</span> <span class='ocrx_word' id='word_1_169' title='bbox 311 3149 399 3230; x_wconf 88' lang='lat' dir='ltr'>quod</span> <span class='ocrx_word' id='word_1_170' title='bbox 422 3145 481 3230; x_wconf 87' lang='lat' dir='ltr'>ipsi</span> <span class='ocrx_word' id='word_1_171' title='bbox 505 3146 562 3209; x_wconf 88' lang='lat' dir='ltr'>tibi</span> <span class='ocrx_word' id='word_1_172' title='bbox 584 3147 687 3230; x_wconf 88' lang='lat' dir='ltr'>possis</span> <span class='ocrx_word' id='word_1_173' title='bbox 711 3150 804 3211; x_wconf 84' lang='lat' dir='ltr'>dare:</span> <span class='ocrx_word' id='word_1_174' title='bbox 829 3151 939 3212; x_wconf 89' lang='lat' dir='ltr'>semita</span> <span class='ocrx_word' id='word_1_175' title='bbox 962 3161 1050 3217; x_wconf 82' lang='lat' dir='ltr'>certe</span> 
     </span>
     <span class='ocr_line' id='line_1_27' title="bbox 132 3247 941 3332; baseline 0.005 -22"><span class='ocrx_word' id='word_1_176' title='bbox 132 3247 340 3332; x_wconf 88' lang='lat' dir='ltr'>Tranquillae</span> <span class='ocrx_word' id='word_1_177' title='bbox 363 3269 422 3328; x_wconf 86' lang='lat' dir='ltr'>por</span> <span class='ocrx_word' id='word_1_178' title='bbox 446 3247 592 3311; x_wconf 85' lang='lat' dir='ltr'>virtulem</span> <span class='ocrx_word' id='word_1_179' title='bbox 616 3261 702 3330; x_wconf 85' lang='lat' dir='ltr'>patet</span> <span class='ocrx_word' id='word_1_180' title='bbox 725 3249 814 3312; x_wconf 87' lang='lat' dir='ltr'>uuica</span> <span class='ocrx_word' id='word_1_181' title='bbox 840 3251 941 3320; x_wconf 71' lang='lat' dir='ltr'>vilae,</span> 
     </span>
     <span class='ocr_line' id='line_1_28' title="bbox 131 3349 1253 3433; baseline 0.006 -20"><span class='ocrx_word' id='word_1_182' title='bbox 131 3349 263 3414; x_wconf 85' lang='lat' dir='ltr'>Nullum</span> <span class='ocrx_word' id='word_1_183' title='bbox 288 3370 402 3412; x_wconf 91' lang='lat' dir='ltr'>numen</span> <span class='ocrx_word' id='word_1_184' title='bbox 426 3351 545 3423; x_wconf 85' lang='lat' dir='ltr'>babes,</span> <span class='ocrx_word' id='word_1_185' title='bbox 571 3349 598 3412; x_wconf 89' lang='lat' dir='ltr'>si</span> <span class='ocrx_word' id='word_1_186' title='bbox 620 3350 659 3411; x_wconf 90' lang='lat' dir='ltr'>sit</span> <span class='ocrx_word' id='word_1_187' title='bbox 682 3353 867 3433; x_wconf 86' lang='lat' dir='ltr'>prudentia,</span> <span class='ocrx_word' id='word_1_188' title='bbox 893 3365 1006 3417; x_wconf 83' lang='lat' dir='ltr'>noste</span> <span class='ocrx_word' id='word_1_189' title='bbox 1211 3359 1253 3420; x_wconf 79' lang='lat'>20</span> 
     </span>
     <span class='ocr_line' id='line_1_29' title="bbox 133 3434 1043 3538; baseline 0.005 -25"><span class='ocrx_word' id='word_1_190' title='bbox 133 3451 206 3513; x_wconf 87' lang='lat' dir='ltr'>Nos</span> <span class='ocrx_word' id='word_1_191' title='bbox 228 3434 381 3526; x_wconf 85' lang='lat' dir='ltr'>laeirnus,</span> <span class='ocrx_word' id='word_1_192' title='bbox 406 3451 569 3526; x_wconf 86' lang='lat' dir='ltr'>Fortuna,</span> <span class='ocrx_word' id='word_1_193' title='bbox 594 3453 680 3512; x_wconf 88' lang='lat' dir='ltr'>deam</span> <span class='ocrx_word' id='word_1_194' title='bbox 711 3453 864 3538; x_wconf 80' lang='lat' dir='ltr'>caeloque</span> <span class='ocrx_word' id='word_1_195' title='bbox 887 3454 1043 3518; x_wconf 87' lang='lat' dir='ltr'>locamus.</span> 
     </span>
    </p>
   </div>
   <div class='ocr_carea' id='block_1_4' title="bbox 121 3607 1254 4300">
    <p class='ocr_par' dir='ltr' id='par_1_11' title="bbox 121 3607 1254 4300">
     <span class='ocr_line' id='line_1_30' title="bbox 127 3607 1253 3684; baseline 0.005 -28"><span class='ocrx_word' id='word_1_196' title='bbox 127 3614 174 3656; x_wconf 84' lang='lat' dir='ltr'>dos</span> <span class='ocrx_word' id='word_1_197' title='bbox 193 3612 290 3657; x_wconf 84' lang='lat' dir='ltr'>Cereris</span> <span class='ocrx_word' id='word_1_198' title='bbox 309 3607 514 3682; x_wconf 77' lang='grc' dir='ltr'>(ἱεροφάντης)</span> <span class='ocrx_word' id='word_1_199' title='bbox 532 3612 684 3684; x_wconf 79' lang='grc' dir='ltr'><em>μυστήρια</em></span> <span class='ocrx_word' id='word_1_200' title='bbox 700 3611 816 3680; x_wconf 80' lang='grc' dir='ltr'><em>μεγάλα</em></span> <span class='ocrx_word' id='word_1_201' title='bbox 839 3620 863 3660; x_wconf 84' lang='lat' dir='ltr'>et</span> <span class='ocrx_word' id='word_1_202' title='bbox 880 3630 980 3660; x_wconf 67' lang='lat' dir='ltr'>armenas</span> <span class='ocrx_word' id='word_1_203' title='bbox 999 3618 1128 3661; x_wconf 85' lang='lat' dir='ltr'>eorundem</span> <span class='ocrx_word' id='word_1_204' title='bbox 1149 3617 1253 3663; x_wconf 81' lang='lat' dir='ltr'>ceriano·</span> 
     </span>
     <span class='ocr_line' id='line_1_31' title="bbox 127 3683 1254 3742; baseline 0.003 -15"><span class='ocrx_word' id='word_1_205' title='bbox 127 3683 183 3727; x_wconf 88' lang='lat' dir='ltr'>nias</span> <span class='ocrx_word' id='word_1_206' title='bbox 206 3685 370 3735; x_wconf 83' lang='lat' dir='ltr'>revelaverat,</span> <span class='ocrx_word' id='word_1_207' title='bbox 401 3685 481 3727; x_wconf 80' lang='lat' dir='ltr'>babila</span> <span class='ocrx_word' id='word_1_208' title='bbox 506 3690 559 3728; x_wconf 86' lang='lat' dir='ltr'>aute</span> <span class='ocrx_word' id='word_1_209' title='bbox 584 3697 668 3728; x_wconf 83' lang='lat' dir='ltr'>severa</span> <span class='ocrx_word' id='word_1_210' title='bbox 686 3687 827 3742; x_wconf 83' lang='lat' dir='ltr'>quaestione</span> <span class='ocrx_word' id='word_1_211' title='bbox 847 3688 874 3729; x_wconf 90' lang='lat' dir='ltr'>de</span> <span class='ocrx_word' id='word_1_212' title='bbox 894 3685 941 3728; x_wconf 84' lang='lat' dir='ltr'>vila</span> <span class='ocrx_word' id='word_1_213' title='bbox 960 3699 1018 3740; x_wconf 85' lang='lat' dir='ltr'>pure</span> <span class='ocrx_word' id='word_1_214' title='bbox 1037 3691 1059 3729; x_wconf 87' lang='lat' dir='ltr'>el</span> <span class='ocrx_word' id='word_1_215' title='bbox 1077 3691 1157 3730; x_wconf 77' lang='lat' dir='ltr'>sancte</span> <span class='ocrx_word' id='word_1_216' title='bbox 1174 3686 1254 3731; x_wconf 83' lang='lat' dir='ltr'>aela.”</span> 
     </span>
     <span class='ocr_line' id='line_1_32' title="bbox 126 3747 1253 3813; baseline 0.002 -18"><span class='ocrx_word' id='word_1_217' title='bbox 126 3751 160 3795; x_wconf 82' lang='lat' dir='ltr'>R.</span> <span class='ocrx_word' id='word_1_218' title='bbox 212 3747 270 3795; x_wconf 79' lang='grc'><strong>112.</strong></span> <span class='ocrx_word' id='word_1_219' title='bbox 301 3747 363 3794; x_wconf 74' lang='lat' dir='ltr'>duee</span> <span class='ocrx_word' id='word_1_220' title='bbox 392 3752 442 3796; x_wconf 75' lang='lat' dir='ltr'>CF.</span> <span class='ocrx_word' id='word_1_221' title='bbox 500 3749 558 3796; x_wconf 80' lang='grc'><strong>118.</strong></span> <span class='ocrx_word' id='word_1_222' title='bbox 586 3753 689 3797; x_wconf 72' lang='lat' dir='ltr'>inclusit</span> <span class='ocrx_word' id='word_1_223' title='bbox 706 3755 736 3798; x_wconf 86' lang='lat' dir='ltr'>B.</span> <span class='ocrx_word' id='word_1_224' title='bbox 784 3751 841 3799; x_wconf 77' lang='lat'>154.</span> <span class='ocrx_word' id='word_1_225' title='bbox 862 3751 958 3813; x_wconf 81' lang='lat' dir='ltr'>limine]</span> <span class='ocrx_word' id='word_1_226' title='bbox 978 3754 1115 3799; x_wconf 77' lang='lat' dir='ltr'><strong>ABCEFG.</strong></span> <span class='ocrx_word' id='word_1_227' title='bbox 1135 3755 1197 3809; x_wconf 84' lang='lat' dir='ltr'>Rup.</span> <span class='ocrx_word' id='word_1_228' title='bbox 1216 3775 1253 3789; x_wconf 79' lang='lat'>«-</span> 
     </span>
     <span class='ocr_line' id='line_1_33' title="bbox 124 3817 1251 3880; baseline 0.004 -17"><span class='ocrx_word' id='word_1_229' title='bbox 124 3819 463 3866; x_wconf 73' lang='lat' dir='ltr'>rimiae·a.asac.rn.1).</span> <span class='ocrx_word' id='word_1_230' title='bbox 484 3821 557 3865; x_wconf 84' lang='lat' dir='ltr'>Web.</span> <span class='ocrx_word' id='word_1_231' title='bbox 617 3817 675 3867; x_wconf 74' lang='lat'>1⁶7.</span> <span class='ocrx_word' id='word_1_232' title='bbox 697 3820 769 3880; x_wconf 74' lang='lat' dir='ltr'>sesai</span> <span class='ocrx_word' id='word_1_233' title='bbox 786 3823 816 3866; x_wconf 88' lang='lat' dir='ltr'>D.</span> <span class='ocrx_word' id='word_1_234' title='bbox 872 3821 930 3870; x_wconf 82' lang='grc'><strong>168.</strong></span> <span class='ocrx_word' id='word_1_235' title='bbox 950 3821 1197 3868; x_wconf 70' lang='lat' dir='ltr'>NescirentADRb&#39;.</span> <span class='ocrx_word' id='word_1_236' title='bbox 1218 3847 1251 3857; x_wconf 92' lang='lat'>-</span> 
     </span>
     <span class='ocr_line' id='line_1_34' title="bbox 126 3886 1253 3938; baseline 0.002 -4"><span class='ocrx_word' id='word_1_237' title='bbox 126 3886 281 3934; x_wconf 66' lang='lat' dir='ltr'>Neardea-unt</span> <span class='ocrx_word' id='word_1_238' title='bbox 296 3889 325 3932; x_wconf 84' lang='grc' dir='ltr'>Β.</span> <span class='ocrx_word' id='word_1_239' title='bbox 345 3888 382 3933; x_wconf 87' lang='lat' dir='ltr'>lb.</span> <span class='ocrx_word' id='word_1_240' title='bbox 402 3887 528 3934; x_wconf 67' lang='lat' dir='ltr'>excudere</span> <span class='ocrx_word' id='word_1_241' title='bbox 547 3889 577 3936; x_wconf 81' lang='lat' dir='ltr'>E.</span> <span class='ocrx_word' id='word_1_242' title='bbox 597 3913 630 3924; x_wconf 94' lang='lat'>-</span> <span class='ocrx_word' id='word_1_243' title='bbox 649 3890 768 3935; x_wconf 77' lang='lat' dir='ltr'>excidere</span> <span class='ocrx_word' id='word_1_244' title='bbox 787 3892 817 3936; x_wconf 84' lang='lat' dir='ltr'>C.</span> <span class='ocrx_word' id='word_1_245' title='bbox 838 3914 871 3925; x_wconf 92' lang='lat'>·—</span> <span class='ocrx_word' id='word_1_246' title='bbox 890 3891 1027 3936; x_wconf 77' lang='lat' dir='ltr'>extendere</span> <span class='ocrx_word' id='word_1_247' title='bbox 1045 3891 1074 3938; x_wconf 76' lang='lat' dir='ltr'>F.</span> <span class='ocrx_word' id='word_1_248' title='bbox 1124 3889 1183 3938; x_wconf 81' lang='lat'>174.</span> <span class='ocrx_word' id='word_1_249' title='bbox 1202 3905 1253 3936; x_wconf 84' lang='lat' dir='ltr'>non</span> 
     </span>
     <span class='ocr_line' id='line_1_35' title="bbox 125 3955 1251 4020; baseline 0.004 -18"><span class='ocrx_word' id='word_1_250' title='bbox 125 3969 201 4002; x_wconf 76' lang='lat' dir='ltr'>omna</span> <span class='ocrx_word' id='word_1_251' title='bbox 218 3955 346 4016; x_wconf 76' lang='lat' dir='ltr'>legumen]</span> <span class='ocrx_word' id='word_1_252' title='bbox 365 3964 509 4012; x_wconf 82' lang='lat' dir='ltr'>„aversatus</span> <span class='ocrx_word' id='word_1_253' title='bbox 528 3959 582 4003; x_wconf 79' lang='lat' dir='ltr'>scil.</span> <span class='ocrx_word' id='word_1_254' title='bbox 603 3959 697 4014; x_wconf 85' lang='lat' dir='ltr'>fabam,</span> <span class='ocrx_word' id='word_1_255' title='bbox 723 3971 783 4020; x_wconf 86' lang='lat' dir='ltr'>quae</span> <span class='ocrx_word' id='word_1_256' title='bbox 802 3974 831 4005; x_wconf 79' lang='lat' dir='ltr'>er</span> <span class='ocrx_word' id='word_1_257' title='bbox 849 3961 964 4018; x_wconf 70' lang='lat' dir='ltr'>sanguine</span> <span class='ocrx_word' id='word_1_258' title='bbox 982 3961 1085 4008; x_wconf 85' lang='lat' dir='ltr'>hnmano</span> <span class='ocrx_word' id='word_1_259' title='bbox 1104 3966 1159 4006; x_wconf 82' lang='lat' dir='ltr'>orla</span> <span class='ocrx_word' id='word_1_260' title='bbox 1177 3966 1251 4006; x_wconf 82' lang='lat' dir='ltr'>esset.</span> 
     </span>
     <span class='ocr_line' id='line_1_36' title="bbox 125 4025 1252 4086; baseline 0.004 -16"><span class='ocrx_word' id='word_1_261' title='bbox 125 4025 190 4070; x_wconf 78' lang='lat' dir='ltr'>Nam</span> <span class='ocrx_word' id='word_1_262' title='bbox 213 4025 287 4071; x_wconf 80' lang='lat' dir='ltr'>dores</span> <span class='ocrx_word' id='word_1_263' title='bbox 314 4027 366 4072; x_wconf 83' lang='lat' dir='ltr'>eius</span> <span class='ocrx_word' id='word_1_264' title='bbox 393 4029 417 4072; x_wconf 88' lang='lat' dir='ltr'>in</span> <span class='ocrx_word' id='word_1_265' title='bbox 442 4027 581 4086; x_wconf 70' lang='lat' dir='ltr'>sauguinem</span> <span class='ocrx_word' id='word_1_266' title='bbox 601 4033 741 4083; x_wconf 83' lang='lat' dir='ltr'>vertuntur,</span> <span class='ocrx_word' id='word_1_267' title='bbox 769 4029 789 4074; x_wconf 82' lang='lat' dir='ltr'>ai</span> <span class='ocrx_word' id='word_1_268' title='bbox 808 4029 981 4084; x_wconf 81' lang='lat' dir='ltr'>seponantur.”</span> <span class='ocrx_word' id='word_1_269' title='bbox 999 4029 1081 4076; x_wconf 82' lang='lat' dir='ltr'>Sebot.</span> <span class='ocrx_word' id='word_1_270' title='bbox 1119 4030 1187 4084; x_wconf 75' lang='lat' dir='ltr'>Apud</span> <span class='ocrx_word' id='word_1_271' title='bbox 1204 4029 1252 4074; x_wconf 81' lang='lat' dir='ltr'>Iur-</span> 
     </span>
     <span class='ocr_line' id='line_1_37' title="bbox 124 4092 1253 4154; baseline 0.005 -16"><span class='ocrx_word' id='word_1_272' title='bbox 124 4095 224 4139; x_wconf 83' lang='lat' dir='ltr'>rr&#39;anum</span> <span class='ocrx_word' id='word_1_273' title='bbox 253 4093 303 4140; x_wconf 80' lang='lat' dir='ltr'>Vit-</span> <span class='ocrx_word' id='word_1_274' title='bbox 332 4101 400 4140; x_wconf 71' lang='lat' dir='ltr'>quet.</span> <span class='ocrx_word' id='word_1_275' title='bbox 426 4098 483 4142; x_wconf 68' lang='lat' dir='ltr'>Vola</span> <span class='ocrx_word' id='word_1_276' title='bbox 511 4092 535 4143; x_wconf 84' lang='lat'>3.</span> <span class='ocrx_word' id='word_1_277' title='bbox 565 4097 611 4141; x_wconf 86' lang='lat' dir='ltr'>Ed.</span> <span class='ocrx_word' id='word_1_278' title='bbox 631 4097 715 4142; x_wconf 83' lang='lat' dir='ltr'>bebm.</span> <span class='ocrx_word' id='word_1_279' title='bbox 736 4112 760 4154; x_wconf 86' lang='lat' dir='ltr'>p.</span> <span class='ocrx_word' id='word_1_280' title='bbox 782 4095 822 4143; x_wconf 77' lang='lat'>96.</span> <span class='ocrx_word' id='word_1_281' title='bbox 871 4097 1023 4154; x_wconf 71' lang='lat' dir='ltr'>Pythagoraa</span> <span class='ocrx_word' id='word_1_282' title='bbox 1049 4100 1175 4143; x_wconf 80' lang='lat' dir='ltr'>lateralia</span> <span class='ocrx_word' id='word_1_283' title='bbox 1195 4099 1253 4144; x_wconf 81' lang='lat' dir='ltr'>base</span> 
     </span>
     <span class='ocr_line' id='line_1_38' title="bbox 124 4158 1252 4235; baseline 0.007 -29"><span class='ocrx_word' id='word_1_284' title='bbox 124 4163 203 4208; x_wconf 80' lang='lat' dir='ltr'>dicit:</span> <span class='ocrx_word' id='word_1_285' title='bbox 232 4160 351 4226; x_wconf 77' lang='grc' dir='ltr'>κύαμον</span> <span class='ocrx_word' id='word_1_286' title='bbox 368 4160 540 4227; x_wconf 61' lang='grc' dir='ltr'>ἑψηθέντα,</span> <span class='ocrx_word' id='word_1_287' title='bbox 567 4158 607 4230; x_wconf 77' lang='grc' dir='ltr'>ἤν</span> <span class='ocrx_word' id='word_1_288' title='bbox 624 4159 705 4234; x_wconf 80' lang='grc' dir='ltr'><strong><em>ἀφῇς</em></strong></span> <span class='ocrx_word' id='word_1_289' title='bbox 723 4163 754 4227; x_wconf 80' lang='grc' dir='ltr'>ἐς</span> <span class='ocrx_word' id='word_1_290' title='bbox 770 4161 826 4229; x_wconf 79' lang='grc' dir='ltr'>τὴν</span> <span class='ocrx_word' id='word_1_291' title='bbox 843 4163 1004 4230; x_wconf 76' lang='grc' dir='ltr'>σεληναίην</span> <span class='ocrx_word' id='word_1_292' title='bbox 1022 4159 1086 4226; x_wconf 79' lang='grc' dir='ltr'>νυξὶ</span> <span class='ocrx_word' id='word_1_293' title='bbox 1103 4179 1252 4235; x_wconf 65' lang='grc' dir='ltr'>μεμετρη-</span> 
     </span>
     <span class='ocr_line' id='line_1_39' title="bbox 121 4226 786 4300; baseline -0.003 -20"><span class='ocrx_word' id='word_1_294' title='bbox 121 4231 268 4300; x_wconf 78' lang='grc' dir='ltr'>μένῃσιν,</span> <span class='ocrx_word' id='word_1_295' title='bbox 288 4226 364 4297; x_wconf 80' lang='grc' dir='ltr'><em>αἷμα</em></span> <span class='ocrx_word' id='word_1_296' title='bbox 381 4228 525 4296; x_wconf 76' lang='grc' dir='ltr'><strong>ποιήσεις.</strong></span> <span class='ocrx_word' id='word_1_297' title='bbox 561 4234 615 4280; x_wconf 83' lang='lat' dir='ltr'>ctr.</span> <span class='ocrx_word' id='word_1_298' title='bbox 636 4235 786 4282; x_wconf 77' lang='lat' dir='ltr'>erumnam.</span> 
     </span>
    </p>
   </div>
   <div class='ocr_carea' id='block_1_5' title="bbox 548 4355 826 4368">
    <p class='ocr_par' dir='ltr' id='par_1_12' title="bbox 548 4355 826 4368">
     <span class='ocr_line' id='line_1_40' title="bbox 548 4355 826 4368; baseline -0.004 0"><span class='ocrx_word' id='word_1_299' title='bbox 548 4355 826 4368; x_wconf 53' lang='lat' dir='ltr'>w-</span> 
     </span>
    </p>
   </div>
   <div class='ocr_carea' id='block_1_6' title="bbox 173 4378 1038 4435">
    <p class='ocr_par' dir='ltr' id='par_1_13' title="bbox 173 4378 1038 4435">
     <span class='ocr_line' id='line_1_41' title="bbox 173 4378 1038 4435; baseline 0.024 -21"><span class='ocrx_word' id='word_1_300' title='bbox 173 4378 268 4420; x_wconf 73' lang='lat' dir='ltr'>Erloeae</span> <span class='ocrx_word' id='word_1_301' title='bbox 282 4379 337 4418; x_wconf 66' lang='lat' dir='ltr'>Puer.</span> <span class='ocrx_word' id='word_1_302' title='bbox 347 4379 391 4418; x_wconf 76' lang='lat' dir='ltr'>[at.</span> <span class='ocrx_word' id='word_1_303' title='bbox 581 4385 582 4388; x_wconf 65' lang='grc'>’</span> <span class='ocrx_word' id='word_1_304' title='bbox 1000 4379 1012 4435; x_wconf 68' lang='lat' dir='ltr'>i</span> <span class='ocrx_word' id='word_1_305' title='bbox 1022 4380 1038 4434; x_wconf 72' lang='grc'><strong>7</strong></span> 
     </span>
    </p>
   </div>
   <div class='ocr_carea' id='block_1_7' title="bbox 0 0 1478 4816">
    <p class='ocr_par' dir='ltr' id='par_1_14' title="bbox 0 0 1478 4816">
     <span class='ocr_line' id='line_1_42' title="bbox 0 0 1478 4816; baseline 0 0"><span class='ocrx_word' id='word_1_306' title='bbox 0 0 1478 4816; x_wconf 95' lang='lat' dir='ltr'> </span> 
     </span>
    </p>
   </div>
  </div>
 </body>
</html>
