2952 4826
94 353 277 440 Contingunt
298 355 398 420 mellis
424 354 510 419 dallei
531 355 681 441 flavoque
704 354 851 442 liquore,

94 459 133 521 Ut
150 452 310 538 puerorum
331 470 416 522 aetas
435 456 619 540 improvida
642 457 824 523 ludificetur

95 561 259 622 Labrorum
280 572 389 636 tenus;
411 559 531 624 interea
550 572 702 643 perpotet
724 583 863 624 amarum

99 660 231 724 Absinthi
251 661 374 726 laticem
400 665 597 747 deceptaque
619 684 684 728 non
709 662 871 746 capiatur,

98 762 152 824 Sed
171 763 267 843 potius
289 764 346 827 tali
364 775 484 827 attactu
505 751 650 828 recreata
675 765 832 829 valescat:

97 862 143 924 Sic
162 886 218 948 ego
239 888 339 941 nune,
362 865 513 950 quoniam
532 867 611 930 haec
631 866 716 947 ratio
738 867 927 954 plerumque
950 869 1078 934 videtur

80 965 224 1056 ‘Tristior
241 990 325 1044 esse,
348 968 464 1053 quibus
483 990 548 1032 non
571 980 618 1032 est
638 980 794 1045 tractata,
818 983 972 1057 retroque

96 1067 209 1151 Volgus
230 1072 385 1134 abhorret
406 1073 446 1132 ab
467 1071 545 1146 hae,
570 1069 659 1134 volui
677 1071 737 1134 tibi
757 1071 994 1158 suaviloquenti
1154 1076 1194 1136 90

95 1167 229 1234 Carmine
245 1171 356 1238 Pierio
377 1172 533 1237 rationem
553 1195 717 1255 exponere
737 1186 879 1238 nostram

95 1272 131 1332 Et
151 1273 234 1356 quasi
258 1277 395 1338 Musaeo
419 1275 504 1338 dulci
528 1274 716 1360 contingere
744 1276 853 1352 melle;
911 1271 915 1276 ¹

95 1373 123 1434 Si
141 1374 196 1436 tibi
217 1375 304 1439 sorte
328 1377 463 1440 animum
483 1376 540 1440 tali
557 1377 682 1442 ratione
704 1390 813 1442 tenere

95 1476 235 1540 Versibus
256 1479 289 1541 in
313 1479 432 1542 nostris
451 1501 595 1562 possem,
619 1483 691 1543 dum
714 1480 856 1563 percipis
879 1503 1003 1546 omnem

95 1579 231 1642 Naturam
252 1604 360 1646 rerum
382 1604 419 1644 ac
440 1582 596 1664 persentis
617 1580 797 1647 utilitatem.

448 1772 526 1832 Lrn.
543 1771 590 1834 V.
615 1791 649 1834 v.
668 1772 819 1834 1-235.

147 1887 222 1968 Quis
242 1890 331 1973 potis
353 1902 400 1953 est
423 1888 553 1974 dignum
572 1891 708 1974 pollenti
728 1903 862 1976 pectore
887 1913 1014 1955 carmen

93 1985 229 2054 Condere
250 2015 314 2074 pro
335 2015 441 2057 rerum
466 1987 627 2058 maiestate
644 1995 757 2080 hisque
777 1994 942 2078 repertis?

93 2089 199 2170 Quisve
221 2096 307 2158 valet
334 2096 439 2159 verbis
463 2108 601 2172 tantum,
625 2096 680 2182 qui
702 2100 824 2182 fingere
845 2098 952 2160 laudes

91 2193 150 2257 Pro
172 2197 294 2260 meritis
316 2197 382 2260 eius
403 2200 522 2281 possit,
546 2199 603 2284 qui
624 2198 699 2290 talia
721 2199 815 2264 nobis

91 2293 218 2363 Pectore
236 2310 329 2381 parta
356 2323 413 2364 sno
433 2301 639 2386 quaesitaque
663 2302 804 2384 praemia
826 2300 944 2387 liquit?

90 2397 201 2477 Nemo,
223 2414 257 2464 ut
281 2401 417 2484 opinor,
441 2403 502 2466 erit
521 2403 648 2468 mortali
672 2425 814 2486 corpore
839 2416 958 2468 cretus.

90 2501 163 2564 Nam
184 2503 230 2581 si,
255 2517 290 2567 ut
308 2505 376 2587 ipsa
395 2504 477 2586 petit
500 2506 644 2582 maiestas
666 2506 796 2589 cognita
821 2528 946 2583 rerum,

90 2601 259 2669 Dicnmlum
281 2617 347 2684 est,
370 2608 458 2671 Deus
473 2607 526 2672 ille
549 2608 626 2685 fuit,
649 2609 754 2684 Deus,
776 2607 894 2670 inclute
917 2606 1068 2683 Memmi,

90 2705 146 2784 Qui
166 2709 317 2791 princeps
342 2709 425 2772 vitae
446 2711 604 2775 rationem
625 2709 749 2774 invenit
769 2731 856 2784 eam,
881 2731 962 2794 quae

89 2808 174 2873 Nune
193 2813 375 2896 appellatur
396 2812 574 2896 Sapientia;
597 2811 717 2898 quique
739 2834 799 2895 per
821 2823 921 2877 artem

89 2909 246 2978 Fluctibus
270 2937 289 2978 e
310 2914 405 2978 tantis
429 2914 527 2979 vitam
549 2914 707 3000 tantisque
729 2915 871 2979 tenebris

90 3008 199 3076 lutam
222 3016 400 3100 tranquillo
422 3029 454 3081 et
476 3028 540 3080 tam
562 3017 648 3080 clara
670 3018 741 3082 luce
759 3018 894 3083 locavit.

145 3115 269 3182 Confer
292 3118 376 3182 enim
399 3118 507 3183 divina
530 3118 667 3183 aliorum
689 3121 818 3206 antiqua
838 3131 989 3205 reperta:

90 3216 226 3305 Namque
249 3219 350 3286 Ceres
373 3221 477 3286 fertur
499 3223 612 3308 fruges
634 3222 800 3308 Liberque
819 3222 956 3308 liquoris

90 3361 154 3409 Wals.
168 3369 224 3413 dicit
241 3343 308 3424 ‚ipro
324 3369 422 3424 pulchra
437 3347 553 3414 varietate
571 3383 597 3414 se
619 3371 784 3425 ainptaxurum
804 3369 893 3423 fuisse,
920 3371 940 3414 si
959 3367 1015 3414 libri
1035 3372 1115 3425 plures
1134 3371 1199 3414 addi·

89 3433 196 3484 iissent.''
230 3438 253 3482 A
272 3452 319 3496 quo
338 3438 426 3482 iudicio
444 3452 523 3484 ananan
541 3451 625 3483 rursus
643 3441 744 3483 inultum
762 3440 843 3486 distat.
900 3436 941 3483 13.
966 3438 1108 3496 Adspirant
1125 3439 1200 3495 Quin·

89 3500 161 3560 ml,
177 3505 206 3562 1,
226 3505 251 3552 l.
300 3505 341 3552 17.
362 3509 409 3552 loli
425 3523 441 3552 a
459 3513 527 3553 tactu
545 3507 621 3552 Codri.
638 3509 713 3565 aliq,
737 3508 810 3553 etiarn
827 3508 857 3551 E.
873 3507 1010 3552 Eddnett.
1026 3509 1071 3552 Aa.
1092 3529 1125 3541 --
1153 3508 1200 3552 loli

89 3575 149 3616 tuctu
162 3576 191 3620 Α.
205 3577 235 3624 1..
246 3577 279 3622 fl.
299 3577 355 3632 (teti
366 3574 441 3635 sacto
455 3577 484 3632 1,
506 3574 564 3623 lbi.
584 3591 631 3634 quo
644 3578 689 3622 hoc
701 3591 794 3635 quoque
808 3579 862 3622 loco
875 3578 981 3621 alludunt
993 3577 1070 3622 Codri.
1085 3576 1200 3621 lectiones
1283 3566 1287 3572 ’

89 3653 103 3682 α
114 3646 187 3699 torto,
204 3644 321 3702 allecto.)
341 3644 438 3703 [Recepi
458 3661 520 3691 nurse
537 3646 676 3692 facillimam
694 3647 770 3692 Forb.
788 3647 978 3691 emendationem
991 3651 1084 3690 attactu
1097 3645 1200 3690 feliciter

89 3707 406 3774 firmaaamacemeoo]
455 3714 497 3760 24.
513 3716 788 3774 perambulantium
801 3715 1115 3764 C.E.Ettd.vett.W.F.
1138 3729 1200 3772 per-

91 3780 219 3834 apiciana.
238 3784 268 3829 L.
290 3785 320 3830 fl.
341 3790 365 3829 et
390 3785 419 3839 1,
443 3783 503 3832 948.
523 3787 574 3830 sine
596 3799 649 3830 aar.
686 3786 819 3842 Utrobique
839 3791 918 3830 aulem
936 3785 999 3830 idem
1017 3785 1069 3829 sive
1083 3784 1200 3842 percipie

90 3852 205 3909 praefers,
226 3856 288 3912 quod
308 3856 384 3913 inagis
403 3856 460 3900 mihi
479 3856 570 3911 placet,
591 3857 642 3899 sive
657 3855 787 3913 perspicia
806 3857 950 3910 ponendum.

497 3979 553 4025 Lm.
566 3981 598 4026 V.
618 3994 642 4025 v.
659 3975 780 4023 1-235.

136 4066 159 4114 2.
178 4069 215 4114 ita
227 4069 312 4114 bamb.
325 4069 425 4123 eMsn,
440 4074 466 4114 ut
477 4069 519 4116 ait.
534 4091 567 4104 -
585 4068 774 4126 inciealattaqua
786 4067 894 4124 repertis
907 4066 966 4110 Cdd.
975 4066 1078 4124 pleriq,
1092 4066 1199 4114 etiamG.

90 4133 190 4183 Mitt.
211 4143 270 4184 vett.
303 4160 332 4172 -
361 4139 503 4183 maiestatis
520 4144 592 4197 atque
610 4153 634 4184 r.
659 4138 719 4182 Cdo.
741 4137 800 4194 aliq.
825 4135 874 4180 Alii
893 4136 1009 4192 deniqne,
1038 4136 1200 4183 testeLamb.

89 4206 214 4252 incusante
229 4213 335 4266 atquae.
375 4205 399 4252 3.
416 4204 525 4266 sundere
537 4209 567 4252 L.
585 4228 620 4240 -
636 4209 744 4266 pingere
754 4205 804 4250 Gis.
826 4205 940 4250 Nostram
955 4207 1010 4250 lect.
1022 4204 1117 4251 firmant
1126 4208 1155 4252 G.
1169 4207 1199 4250 E.

91 4269 128 4324 13.
140 4277 242 4322 illorum
254 4279 297 4324 Gt.
307 4275 331 4324 1.
342 4278 410 4322 Brix.
420 4279 480 4322 Ver.
491 4279 553 4324 Ven.
563 4270 678 4333 perpetua
688 4276 838 4322 contusione.
858 4275 956 4321 Rectam
968 4276 1025 4320 lect.
1036 4277 1123 4324 habent
1132 4276 1161 4321 (t.
1170 4275 1200 4320 E.
