2952 4826
234 224 275 284 10

180 369 183 380 ’
231 377 379 464 Denique
401 400 460 462 per
482 377 580 442 maria
602 399 640 442 ac
661 376 797 442 monteio
817 377 998 465 fluviosque
1020 379 1164 464 rapaceis

232 480 505 567 Frondiferasque
527 485 641 545 domos
662 479 769 544 avium
790 502 985 566 camposque
1007 479 1159 547 virenteis

232 583 389 650 Omnibus
409 582 565 647 incutiens
586 583 734 648 blandum
755 603 816 666 per
835 594 972 665 pectora
994 605 1152 662 amorem,

231 685 363 763 Efficis‚
386 697 421 750 ut
442 683 556 766 cupide
579 682 753 768 generatim
774 684 859 749 secla
880 697 1075 769 propagent.

295 790 384 870 Quae
406 786 556 873 quoniam
578 807 686 850 rerum
707 797 850 851 naturam
873 787 943 851 sola
965 791 1141 872 gubernas,

232 893 302 955 Nec
323 890 390 954 sine
411 901 442 954 te
464 887 636 974 quidquam
652 887 725 968 ¹dias
746 887 780 952 in
801 888 928 953 luminis
951 911 1025 954 oras

230 991 391 1059 Exoritur
412 1013 513 1077 neque
535 992 572 1054 fit
593 992 709 1056 laetum
731 1012 790 1056 nec
812 991 947 1056 amabile
969 991 1161 1078 quidquam;

232 1098 281 1159 Te
305 1094 428 1159 sociam
449 1097 560 1159 studeo
584 1092 764 1157 scribundis
786 1093 934 1158 versibus
956 1115 1040 1170 esse,
1304 1097 1345 1159 25

232 1198 323 1278 Quos
343 1218 406 1281 ego
432 1199 470 1260 de
491 1216 598 1259 rerum
620 1206 732 1260 natura
753 1217 895 1280 pangere
918 1218 1023 1262 conor

230 1297 443 1363 Memmiadae
465 1309 599 1364 nostro:
623 1319 716 1384 quem
737 1309 790 1374 tu,
813 1300 901 1375 Dea,
922 1310 1069 1382 tempore
1090 1299 1123 1362 in
1146 1299 1232 1365 omni

231 1400 387 1466 Omnibus
410 1411 556 1465 ornatum
578 1399 710 1464 voluisti
731 1400 889 1466 excellere
910 1404 1020 1466 rebus.

231 1505 305 1585 Quo
329 1501 429 1588 magis
450 1514 612 1567 aeternum
635 1505 674 1566 da
698 1500 809 1580 dictis,
831 1502 934 1580 Diva,
956 1503 1113 1585 leporem.

230 1606 346 1682 Effice,
369 1616 404 1668 ut
423 1603 545 1668 interea
566 1605 636 1668 sera
657 1626 808 1670 moenera
829 1604 956 1669 militiai

229 1711 297 1774 Per
319 1706 419 1771 maria
439 1729 478 1771 ac
498 1718 601 1771 terras
624 1707 744 1770 omneis
764 1705 871 1790 sopita
890 1706 1067 1792 quiescant.

229 1813 313 1875 Nam
334 1821 368 1872 tu
389 1809 458 1874 sola
478 1820 572 1892 potes
593 1808 765 1894 tranquilla
786 1829 866 1891 pace
889 1809 1002 1874 iuvare

229 1910 430 2002 Mortaleisa
449 1910 600 1997 quoniam
622 1910 699 1975 belli
719 1911 790 1976 sera
813 1934 963 1976 moenera
985 1913 1125 1978 Mavors

229 2015 439 2098 Armipotens
459 2013 561 2100 regit,
584 2013 617 2077 in
638 2012 792 2099 gremium
812 2013 867 2101 qui
889 2036 983 2097 saepe
1003 2025 1090 2078 tuum
1112 2037 1145 2080 se

230 2117 351 2183 Reiicit
371 2128 502 2182 aeterno
526 2115 670 2181 devictus
692 2117 825 2181 volnere
847 2114 986 2182 amoris:

228 2222 338 2306 Atque
359 2218 420 2297 ita,
443 2218 618 2303 suspiciens
638 2218 732 2284 tereti
754 2218 883 2285 cervice
905 2231 1053 2303 reposta,

227 2322 340 2388 Pascit
359 2344 470 2388 amore
492 2320 622 2399 avidos,
645 2320 769 2386 inhians
788 2321 821 2385 in
842 2335 890 2399 te,
915 2323 1003 2412 Dea,
1027 2322 1113 2389 visus

228 2427 321 2511 Eque
342 2436 397 2490 tuo
419 2427 536 2508 pendet
556 2423 698 2508 resupini
719 2423 851 2508 spiritus
875 2447 946 2490 ore.

227 2530 324 2593 Hunc
344 2539 397 2605 tu,
418 2526 524 2607 Diva,
544 2538 600 2591 tuo
622 2529 828 2591 recubantem
853 2549 995 2611 corpore
1017 2541 1128 2596 sancto

230 2630 433 2697 Circumfusa
452 2651 565 2713 super,
588 2627 713 2694 suaveis
733 2651 774 2692 ex
795 2651 853 2694 ore
877 2629 1023 2716 loquelas
1299 2638 1339 2700 10

227 2738 356 2813 Funde,
380 2745 489 2819 petens
511 2732 668 2817 placidam
691 2731 864 2809 Romanis,
886 2732 1024 2812 incluta,
1047 2757 1170 2817 pacem.

227 2841 310 2903 Nam
333 2859 441 2924 neque
456 2857 516 2900 nos
538 2857 634 2921 agere
656 2837 721 2899 hoc
743 2834 860 2918 patriai
880 2847 1028 2919 tempore
1051 2837 1163 2923 iniquo

227 2944 402 3007 Possumus
424 2959 528 3025 aequo
551 2936 675 3012 anim03
699 2958 758 3002 nec
779 2937 914 3002 Memmi
937 2938 1023 3003 clara
1044 2961 1196 3025 propago

228 3042 362 3108 Talibus
385 3041 418 3106 in
438 3043 535 3106 rebus
559 3040 719 3106 communi
737 3042 827 3105 desse
849 3041 956 3105 saluti.

279 3197 321 3244 22.
349 3198 501 3254 Empedoclis
520 3197 608 3256 fragm.
627 3199 665 3242 ed.
685 3197 791 3250 Peyron.
810 3210 836 3253 p.
856 3194 898 3243 54.
918 3191 1067 3268 Κύπριδος
1091 3198 1126 3258 (i.
1139 3215 1162 3246 e.
1176 3198 1288 3264 φιλίας)
1305 3199 1338 3252 ἐν

226 3263 396 3338 παλάμῃσιν
414 3261 465 3318 ὅτε
482 3259 537 3328 ξὺν
550 3261 638 3337 πρῶτ’
652 3260 795 3328 ἐφύοντο.
832 3263 875 3312 23.
893 3267 999 3312 luminis
1011 3281 1071 3313 orus
1084 3271 1159 3314 Codd.
1173 3272 1261 3316 cuncti.
1273 3272 1335 3317 Edd.

225 3345 284 3385 vett.
303 3339 395 3383 Ennius
413 3339 441 3382 de
459 3336 576 3384 Romulo:
607 3342 634 3380 tu
648 3334 798 3394 produxisti
823 3350 869 3382 nos
887 3336 956 3380 intro
979 3337 1084 3383 lucrinis
1102 3352 1172 3385 orus.
1192 3340 1245 3385 Cir.
1264 3343 1334 3400 Vir-g.

226 3410 273 3456 Ge.
287 3405 319 3463 2,
340 3405 381 3452 11.
402 3407 481 3464 ibique
498 3407 572 3451 Voss.
591 3405 756 3450 Lacbrnannus
775 3412 853 3451 tumen
872 3407 901 3451 ad
919 3405 1034 3462 Prop.1,
1050 3407 1078 3461 1,
1094 3405 1136 3453 31.
1172 3410 1230 3464 „Sic
1249 3410 1335 3467 ubique

224 3478 329 3524 luminis
347 3482 372 3523 et
388 3475 457 3521 oe'ris
475 3489 554 3520 curce
572 3476 766 3521 dissentientibus
784 3475 891 3534 quamvis
909 3488 981 3532 saepe
999 3477 1084 3531 tibris,
1109 3492 1156 3521 non
1172 3491 1233 3522 oros
1251 3477 1337 3525 scribi·

226 3563 293 3603 mus,
325 3548 379 3606 quia
397 3546 467 3591 cti-ir
485 3559 564 3590 auras
581 3546 718 3590 Lucretium
738 3545 763 3600 1,
784 3543 849 3601 208,
869 3541 934 3598 801,
956 3543 1033 3591 1086.
1053 3547 1147 3592 dedisse
1165 3553 1257 3592 eertum
1275 3551 1337 3594 est.''

226 3620 273 3664 Sed
285 3618 413 3672 differunt,
433 3616 533 3672 opinor,
553 3615 658 3660 lutrinis
677 3628 736 3660 orue
755 3617 844 3670 (imino
862 3620 886 3660 et
903 3612 1014 3659 aetheria
1026 3628 1086 3660 orde
1100 3613 1129 3672 6,
1145 3614 1201 3669 61.)
1219 3618 1250 3662 ab
1267 3619 1337 3663 ciris

226 3688 313 3743 ruris,
333 3701 356 3732 v.
372 3684 396 3732 3.
411 3684 470 3731 811.
490 3685 543 3729 Cfr.
557 3686 630 3730 etiam
643 3681 672 3737 5,
688 3681 747 3728 119.
784 3681 827 3730 21.
847 3684 876 3728 C.
890 3685 1018 3729 Memmius
1037 3683 1159 3730 Gesnellus
1177 3687 1207 3731 1..
1221 3689 1250 3732 F.
1264 3687 1335 3731 Trib.

225 3761 259 3815 pl.
279 3773 303 3802 u.
323 3773 344 3806 c.
365 3754 424 3802 681.
443 3755 582 3809 Lucullum,
603 3759 627 3799 et
645 3758 742 3808 praetor
760 3767 784 3798 u.
798 3769 820 3799 c.
836 3751 894 3802 695.
932 3752 1062 3798 Caesarem
1081 3758 1248 3809 proconsulem
1266 3767 1336 3798 vexa-

225 3830 275 3883 vit;
303 3841 364 3871 anno
384 3824 443 3872 699.
462 3827 513 3881 ipse
534 3839 548 3869 a
566 3827 596 3883 Q.
616 3823 705 3868 Erucio
725 3824 827 3868 ambitus
852 3827 975 3868 accusatus
999 3827 1023 3868 et
1046 3825 1169 3869 damnatus
1187 3825 1292 3868 Athenas
1311 3825 1336 3868 in

225 3899 324 3944 exilium
337 3897 452 3950 secessit,
471 3907 518 3952 quo
531 3895 617 3940 Cicero
635 3907 659 3937 a·
680 3889 739 3938 102.
759 3895 787 3938 ad
806 3907 859 3939 eum
878 3892 943 3938 dedit
959 3891 1021 3948 Epp.
1040 3894 1069 3937 ad
1087 3893 1141 3942 Div.
1158 3891 1204 3948 13,
1220 3889 1249 3946 1,
1264 3889 1294 3946 2,
1309 3889 1334 3938 3.

225 3968 298 4013 Poe'si
312 3980 405 4024 quoque
418 3966 520 4018 studuit,
540 3965 671 4023 etquidem
683 3964 829 4019 impudicae:
850 3961 920 4008 oud.
935 3962 1011 4007 Trist.
1021 3961 1046 4017 2,
1057 3960 1117 4008 433.
1137 3963 1201 4007 Plio.
1213 3961 1259 4016 Ep.
1272 3958 1297 4016 ⁵,
1309 3958 1334 4010 3.

226 4052 250 4082 v.
269 4036 363 4081 Wetzsl
382 4037 410 4079 ad
428 4035 480 4079 Cic.
499 4036 569 4078 Brut.
588 4049 610 4078 c.
631 4028 673 4078 10.
718 4029 760 4078 30.
780 4031 813 4078 m
822 4028 885 4092 succ
903 4033 932 4080 B.
983 4029 1025 4082 35.
1045 4033 1080 4076 lta
1099 4032 1175 4076 Codd.
1195 4030 1257 4074 Edd.
1275 4037 1334 4076 vett.

226 4120 320 4151 omnes.
347 4125 383 4140 ·-·
411 4103 540 4150 devinctus
557 4104 586 4149 L.
608 4105 638 4148 11.
658 4103 686 4147 de
705 4116 750 4160 qua
768 4103 869 4148 lectione
887 4116 935 4147 non
953 4102 1091 4147 dubitarunt
1108 4101 1187 4145 Bentl.
1208 4105 1231 4145 et
1248 4101 1335 4147 Valck.

226 4179 254 4221 ad
273 4176 368 4221 Gallim.
388 4174 486 4234 Fragm.
506 4186 560 4232 pag.
582 4171 641 4220 111.
669 4171 730 4217 Aeo.
751 4169 776 4220 8.
797 4169 857 4218 291.
905 4170 970 4217 Tum
989 4177 1066 4230 poter
1088 4176 1189 4215 aeterno
1199 4166 1277 4229 fotur-
1294 4169 1336 4215 de·

225 4248 322 4292 uinctus
340 4257 441 4299 omore;
459 4245 499 4289 ubi
517 4245 599 4289 eadem
616 4243 734 4297 varietas,
766 4243 808 4287 sed
826 4243 851 4287 b.
870 4243 887 4287 1.
907 4243 979 4288 etiam
997 4254 1051 4286 curn
1069 4240 1100 4285 G.
1120 4239 1150 4284 G.
1167 4239 1198 4285 Ε.
1217 4242 1246 4286 F.
1266 4253 1335 4297 pree-

224 4317 278 4363 fero
295 4315 416 4363 deuictus.
455 4311 496 4360 36.
516 4314 651 4373 suspirare
670 4312 765 4369 quidam
783 4313 845 4369 apud
862 4313 943 4358 Pium.
963 4312 1000 4361 lb.
1029 4314 1154 4369 repostum
1174 4312 1258 4358 Heius.
1280 4323 1335 4367 pro-
