2964 4814
235 178 297 243 108

234 343 252 382 ‘³
277 333 421 402 Candida
445 351 607 415 purpurea
629 331 738 409 Tyros
757 323 931 390 intinxerat
952 345 1028 402 ora,

234 440 281 504 At
301 457 399 501 roseo
426 434 537 498 niveae
558 430 740 496 residebant
763 428 884 494 vertice
907 427 1021 504 vittae,

237 542 478 624 Aeternumque
501 557 609 599 manus
630 534 804 616 carpebant
822 530 885 596 rite
908 532 1066 595 laborem.

236 644 347 708 Laeva
371 641 477 704 colum
499 637 589 702 molli
611 637 681 700 lana
702 634 861 698 retinebat
879 632 1045 710 amictum,

233 745 378 811 Dextera
400 754 468 805 tum
493 740 609 804 leviter
629 740 788 802 deducens
806 738 860 800 fila
882 737 1003 819 supinis

234 847 414 912 Formabat
436 842 563 929 digitis:
589 852 654 904 tum
677 860 785 922 prono
806 839 839 903 in
861 840 980 922 pollice
1003 851 1158 926 torquens

234 948 407 1012 Libratum
428 944 522 1009 tereti
544 947 694 1008 versabat
715 940 843 1005 turbine
865 943 991 1006 susum:

234 1053 344 1136 Atque
365 1049 408 1111 ita
426 1051 602 1130 decerpens
620 1045 775 1130 aequabat
793 1064 918 1126 semper
941 1067 1022 1127 opus
1045 1049 1138 1123 dene,

234 1155 408 1236 Laneaque
430 1148 562 1212 aridulis
585 1148 760 1211 haerebant
782 1167 889 1210 morsa
907 1146 1048 1225 labellis,

235 1256 325 1336 Quae
347 1252 438 1336 prius
455 1252 488 1315 iu
508 1250 572 1316 leni
588 1251 714 1314 inerant
735 1248 893 1312 exstantia
915 1249 986 1314 filo.

234 1360 320 1422 Ante
340 1357 438 1438 pedes
461 1366 564 1418 autem
588 1351 753 1416 candentis
773 1351 883 1414 mollia
904 1352 995 1416 lanae

203 1535 205 1540 Ι
233 1459 368 1523 Vellera
391 1456 510 1541 virgati
534 1455 736 1519 custodibant
760 1454 938 1518 calathisci.

234 1565 306 1628 Hae
329 1573 396 1624 tum
419 1559 578 1624 clarisona
601 1557 755 1640 pellentes
778 1557 897 1621 vellera
919 1579 1020 1637 voce,

240 1663 332 1729 Talia
356 1663 466 1727 divino
489 1662 641 1724 fuderunt
661 1658 801 1723 carmine
824 1660 906 1736 fata,

234 1765 406 1842 Carmine,
429 1762 584 1848 perfidiae
606 1765 695 1847 quod
716 1772 792 1843 poet
814 1762 899 1825 nulla
922 1775 1035 1848 arguet
1056 1777 1154 1830 aetas.

299 1871 357 1945 „0
381 1871 476 1931 decus
495 1864 645 1930 eximium
669 1861 792 1948 magnis
812 1865 983 1930 virtutibus
1005 1890 1142 1952 augens,

234 1971 402 2038 Emathiae
420 1980 559 2032 tutamen
582 1966 671 2048 opis,
696 1965 871 2031 clarissime
893 1980 990 2034 nato:

234 2075 377 2155 Accipe,
402 2074 490 2158 quod
514 2071 596 2134 laeta
618 2067 677 2132 tibi
696 2071 837 2150 pandunt
859 2070 929 2134 lucc
947 2092 1079 2137 sorores

234 2174 424 2240 Veridicum
446 2173 608 2247 oraclum;
632 2173 687 2234 sed
709 2192 789 2246 vos,
813 2193 893 2256 quae
913 2173 977 2236 fata
996 2187 1188 2260 sequuntur,

235 2277 365 2343 Currite
389 2280 537 2340 ducentes
560 2273 754 2348 subtemina,
779 2273 914 2351 currite,
938 2276 1015 2340 susi.

297 2378 459 2446 Adveniet
481 2376 542 2440 tibi
560 2376 622 2440 iam
643 2387 778 2460 portans
800 2387 909 2459 optata
928 2378 1051 2442 maritis
1291 2383 1360 2447 330

234 2659 301 2704 Mur.
315 2658 368 2703 Ast.
383 2657 436 2701 Sill.
453 2655 552 2701 Lacbm.
578 2654 694 2700 Neutrum
708 2668 767 2699 tero
786 2659 823 2700 eat
838 2654 1014 2710 probabilitatis
1029 2656 1109 2702 babet.
1148 2654 1206 2703 310.
1224 2672 1358 2716 purpurea

235 2734 291 2773 tuoe
309 2727 452 2772 intinxerat
472 2749 502 2760 -
517 2739 546 2782 p.
567 2723 652 2784 Tyros
671 2725 812 2769 intinxerat
831 2749 863 2758 -
878 2739 907 2782 p.
923 2724 1019 2784 Tyrios
1038 2726 1198 2772 extinxerat.
1220 2728 1296 2774 coda.
1312 2743 1355 2785 ap.

235 2799 297 2843 Stat.
315 2801 339 2842 et
354 2797 417 2841 Scal.
437 2795 497 2840 ilinc
508 2795 576 2839 varia
591 2795 705 2850 expiscati
726 2799 781 2838 snut
794 2795 854 2838 Edd.
868 2795 933 2838 nullo
952 2796 1027 2839 adhuc
1046 2809 1167 2840 successu.
1188 2794 1223 2855 (r.
1237 2812 1259 2842 c.
1276 2799 1355 2846 Voss.

234 2867 287 2911 nst.
308 2862 334 2910 C.
352 2880 379 2922 p.
400 2878 474 2923 quam
488 2863 559 2923 Tyro
577 2864 725 2906 incinxerat
736 2877 791 2907 nra.
812 2863 883 2922 Tyro
897 2865 1017 2908 Salmonei
1032 2863 1082 2909 filia
1098 2867 1191 2911 texendi
1205 2868 1356 2922 peritissima

235 2936 325 2989 odyss.
338 2932 368 2988 2,
385 2930 442 2976 120.
463 2932 571 2976 candida
590 2933 677 2976 dicitur
692 2933 764 2977 etiam
778 2933 907 2987 Propertio
921 2931 952 2986 2,
967 2931 1014 2988 28,
1030 2933 1067 2989 5.)
1085 2936 1221 2981 Sententiae
1237 2943 1358 2992 repugnat

235 3005 336 3050 Guarini
352 3016 444 3059 quoque
463 3003 526 3046 coni.
546 3016 559 3044 a
579 3000 650 3059 Ging.
665 3007 775 3056 recepta:
795 3015 903 3060 quercus
915 3017 938 3046 c.
950 3017 977 3059 p.
991 3005 1056 3048 talne
1068 3004 1216 3049 incinxerat
1228 3019 1271 3058 a.;
1284 3007 1355 3052 fron-

235 3077 277 3119 des
297 3073 360 3117 enim
378 3085 501 3128 quernae,
527 3071 547 3114 si
566 3071 678 3114 candidae
697 3075 766 3126 sunt,
791 3085 910 3126 purpureo
931 3072 1005 3117 limbo
1025 3075 1086 3118 talos
1105 3074 1197 3121 ambire
1216 3076 1356 3134 neutiquam

235 3147 344 3199 possunt.
376 3142 422 3184 Sed
441 3140 515 3184 satius
535 3144 571 3184 est
589 3142 613 3183 in
632 3140 718 3184 talibus
738 3153 780 3184 eos
798 3141 902 3195 imitari,
935 3143 972 3199 qui
993 3155 1061 3200 signa
1081 3146 1352 3202 truncnentiqnorunr,

235 3213 374 3267 tabulasque
394 3224 467 3264 paene
482 3211 592 3253 evanidas
604 3207 708 3254 fideliter
727 3223 788 3254 nunc
806 3211 919 3255 exhibere
928 3243 934 3265 ,
958 3226 1028 3269 quam
1042 3226 1086 3267 pro
1099 3213 1173 3257 lubitu
1186 3215 1354 3273 redintegrare

234 3282 336 3338 fucoque
355 3280 449 3323 illinere
468 3280 567 3322 trralunt.
599 3279 764 3323 Lacbrnannus
783 3281 832 3325 sic:
855 3278 903 3324 Hie
921 3295 1013 3338 corpus
1031 3283 1164 3326 tremulam
1184 3285 1352 3341 cornplectene

235 3350 343 3410 undique
362 3349 438 3394 reetie
457 3345 569 3392 Candida
579 3362 709 3406 purpurea
721 3350 786 3393 talne
798 3349 945 3394 incinxerat
957 3364 1013 3394 ora.
1052 3347 1111 3396 311.
1131 3351 1264 3397 Ambrosio
1277 3355 1352 3409 Vulp.

235 3421 299 3466 ocni.
318 3420 452 3480 Atroaeae
471 3423 557 3462 rer-tex
578 3418 635 3462 nibil
654 3419 717 3462 aliud
736 3418 760 3462 h.
775 3421 791 3462 t.
806 3420 916 3473 denotat,
937 3421 982 3464 ntsi
1000 3420 1106 3464 ditinum
1118 3422 1285 3477 splendorem,
1306 3437 1354 3481 quo

234 3491 366 3536 Parcarum
385 3488 462 3544 capita
481 3487 620 3546 fulgebant;
647 3486 772 3544 firmatque
792 3488 868 3532 Codd.
889 3490 1017 3534 lectionem
1035 3491 1177 3545 manifesta,
1198 3495 1242 3538 etsi
1262 3493 1309 3536 alia
1328 3493 1354 3536 in

234 3575 276 3614 re,
297 3559 398 3603 imitatio
413 3559 481 3616 Vir-g.
494 3558 559 3602 Ciris
570 3555 628 3601 122.
648 3557 679 3602 Aa
697 3570 787 3601 roseae
805 3556 887 3602 medio
891 3555 1013 3618 fulgebat
1024 3561 1114 3603 vertice
1127 3561 1218 3606 crinis.
1239 3561 1354 3606 Ceterum

234 3631 263 3674 de
286 3628 405 3687 frequenti
430 3627 569 3671 contusione
594 3627 689 3671 ediectt.
714 3639 804 3671 roseae
829 3632 852 3671 et
876 3627 1018 3672 arnbroeiaa
1042 3643 1065 3672 r.
1084 3629 1194 3676 Oudend.
1216 3632 1245 3680 ad
1263 3632 1351 3686 Appul.

234 3713 259 3755 p.
275 3695 339 3752 318,
355 3695 420 3751 311,
436 3694 495 3741 719.
515 3720 548 3730 -
565 3695 667 3740 Annaeo
682 3695 741 3739 Ern.
756 3695 861 3740 Schulzii
874 3698 938 3740 coni.
952 3699 1177 3743 memoratLacbm.
1217 3697 1275 3744 313.
1287 3701 1353 3744 ami·

235 3774 301 3812 etam
318 3770 384 3812 Mur.
406 3767 451 3810 cfr.
468 3762 625 3820 Properat,
644 3763 672 3820 1,
689 3762 730 3812 72.
753 3763 933 3810 ‹lextra-colo
951 3763 982 3820 lt,
1004 3764 1033 3818 9,
1055 3765 1098 3813 tt.
1122 3766 1294 3826 Lydo-cola.
1314 3769 1352 3815 Ab

235 3838 325 3882 irrcerta
343 3837 483 3881 auctoritate
502 3847 526 3878 v.
543 3836 614 3878 colae
628 3847 702 3893 genus
720 3835 880 3879 tuasculinum
899 3836 993 3890 pendet.
1013 3849 1036 3880 r.
1051 3838 1155 3882 Forcelt.
1167 3838 1298 3884 Schneider
1310 3840 1353 3887 lut.

235 3907 280 3950 Gr.
295 3907 325 3952 Τ.
338 3905 363 3950 2.
377 3920 400 3961 p.
415 3902 457 3949 23.
495 3900 554 3949 315.
574 3905 681 3959 rertice,
700 3904 717 3948 i.
733 3919 754 3949 e.
769 3905 899 3950 vet-ticillo.
918 3907 992 3950 Voss.
1031 3904 1091 3952 318.
1111 3907 1177 3962 leni,
1194 3909 1213 3952 i.
1233 3923 1256 3952 e.
1276 3911 1351 3954 lento.

234 3976 290 4019 Ata.
304 3974 326 4023 1.
342 3977 416 4018 Voss.
431 3974 503 4018 Web.
523 3997 557 4007 -
574 3974 624 4018 leri
635 3975 688 4021 ald.
700 3971 725 4017 2.
739 3975 803 4019 Scal-
815 3975 891 4019 Doer.
903 3974 975 4034 Ging.
988 3976 1086 4021 beelim.
1107 3977 1153 4021 Sed
1169 3979 1289 4034 quomodo
1300 3978 1353 4022 llre

235 4043 315 4096 litum,
337 4045 357 4086 si
371 4044 473 4097 primum
485 4043 580 4087 rnoreie
591 4045 645 4088 lana
658 4049 754 4090 exstans
769 4046 872 4090 tollenda
884 4044 954 4092 erat?
996 4044 1056 4091 322.
1074 4051 1200 4103 pectentes
1212 4048 1273 4092 Stat.
1287 4048 1351 4095 coni.

232 4113 356 4171 polientes
367 4112 449 4156 Heius.
470 4112 602 4157 Obscurius
616 4115 643 4157 de
660 4115 684 4158 la.
702 4115 719 4159 Ι.
736 4115 785 4172 egit
797 4115 902 4159 lluscblt.
916 4117 946 4161 ad
959 4116 1016 4160 Tib.
1031 4114 1061 4167 2,
1078 4115 1106 4169 1,
1122 4112 1163 4160 ⁶6.
1184 4139 1218 4150 —
1236 4117 1353 4160 rellentet

236 4183 324 4236 lleyse.
380 4177 439 4226 323.
459 4181 540 4226 dirieo
555 4197 567 4227 e
585 4183 662 4228 Codd.
680 4185 754 4228 Voss.
810 4181 868 4230 325.
894 4190 917 4228 et
934 4186 1038 4245 magnii
1055 4187 1108 4229 ΑΜ.
1127 4183 1152 4229 2.
1173 4185 1248 4230 Codd.
1270 4185 1351 4233 Statii.

237 4249 296 4298 326.
315 4248 448 4296 Emathiae
465 4251 578 4296 columen
596 4252 670 4298 Peleu
688 4254 744 4299 Atd.
756 4251 781 4299 2.
795 4267 825 4300 es
839 4267 863 4300 r.
879 4251 921 4304 26.
941 4252 1074 4300 Emathiae
1091 4268 1177 4302 nornen
1191 4269 1204 4300 e
1217 4256 1295 4312 pettit
1307 4267 1352 4311 pro
