2952 4826
239 185 280 249 80

303 345 371 407 Iam
394 339 511 405 validis
533 337 654 423 saeptei
674 341 833 424 degebant
849 336 992 402 turribus
1008 357 1122 404 aevom

207 453 212 462 “
240 447 283 509 Et
303 443 405 508 divisa
429 442 598 507 colebatur
620 439 821 525 discretaque
843 440 950 505 tellus.

304 551 387 610 Tum
409 567 496 608 maro
515 542 668 609 velivolis
689 543 828 608 florebat
849 554 987 627 propter
1011 547 1150 610 odoresa

240 649 373 714 Auxilia
395 669 434 712 ac
452 645 560 712 socios
578 645 638 709 iam
661 656 760 728 pacto
778 645 912 712 loedere
935 647 1115 711 habebant:

241 749 449 817 Carminibus
471 769 569 834 quom
588 769 640 812 res
659 758 764 832 gestas
786 768 924 830 coepere
944 750 1063 832 po'e'tae

240 857 403 929 'lratlere3
427 873 486 916 uec
507 851 609 917 multo
631 861 704 914 eunt
726 859 797 912 ante
816 849 971 914 elementa
991 862 1133 933 reperta.

239 959 439 1037 Propterea,
461 952 538 1039 quid
560 951 601 1016 sit
622 949 714 1035 prius
738 961 861 1027 actum,
883 951 1046 1035 respicere
1065 965 1150 1019 aetas

239 1061 361 1122 Nostra
380 1055 508 1142 nequit,
531 1053 595 1118 nisi
617 1075 680 1138 qua
702 1052 786 1117 ratio
810 1052 948 1138 vestigia
971 1067 1139 1121 monstrat.

303 1158 446 1242 Navigia
468 1169 562 1242 atque
584 1155 656 1240 agri
678 1155 835 1228 culturas.
859 1156 1004 1234 moenia,
1027 1158 1133 1243 leges,

240 1264 360 1338 Arina,
385 1261 471 1337 vias,
495 1257 611 1325 vesteis
631 1269 662 1324 et
685 1268 794 1324 cetera
812 1261 851 1322 de
870 1279 988 1344 genere
1012 1261 1147 1338 horum,

239 1363 406 1439 Praemia,
431 1361 562 1426 delicias
583 1381 714 1447 quoque
737 1358 823 1424 vitae
845 1360 988 1426 funditus
1011 1362 1148 1440 omneis,

241 1466 409 1541 Carmina,
432 1462 574 1547 picturas
592 1485 631 1538 ac
651 1463 782 1527 daedala
804 1461 897 1547 signa
918 1464 1041 1547 politos

240 1570 323 1634 Usus
348 1579 378 1630 et
398 1565 557 1651 impigrae
582 1563 675 1628 simul
698 1563 897 1646 experientia
917 1564 1031 1630 mentis

243 1668 416 1734 Paullatim
439 1667 550 1732 docuit
574 1666 768 1749 pedetentim
791 1666 1063 1752 progredienteis.

307 1771 363 1836 Sic
387 1792 481 1833 uuum
505 1767 662 1854 quidquid
682 1766 847 1850 paullatim
868 1769 1032 1851 protrahit
1055 1782 1140 1838 aetas

240 1877 279 1938 ln
300 1871 435 1937 medium
453 1869 603 1956 ratioque
624 1869 658 1934 iu
676 1869 802 1934 luminis
824 1870 910 1936 eruit
933 1892 1021 1938 oras.

296 2035 372 2086 tttt.
402 2035 467 2082 Tum
490 2050 561 2080 incre
585 2036 697 2081 velivolis
715 2036 826 2099 florebat
846 2043 950 2096 propter
967 2037 1056 2085 odores
1075 2040 1135 2089 Cdd.
1159 2055 1234 2097 paena
1258 2057 1360 2098 omnes,

241 2109 313 2155 etiam
326 2108 356 2152 E.
379 2121 392 2150 a
411 2121 448 2162 pr.
467 2119 500 2154 tn.
521 2107 566 2161 (C.
580 2111 676 2151 autem:
698 2105 762 2150 Tum
780 2119 851 2151 more
869 2109 984 2154 velivolus
997 2109 1107 2172 florales
1120 2117 1226 2170 propter·
1244 2111 1361 2171 odores.)

241 2181 276 2222 lta
294 2176 405 2222 velivolis
423 2176 527 2231 positum
546 2181 582 2221 est
600 2189 644 2232 pro
663 2175 783 2231 novibus,
811 2179 952 2223 succedente
971 2180 1088 2224 adiectivo
1107 2181 1130 2224 iu
1151 2181 1229 2226 locum
1248 2183 1361 2228 substau-

240 2249 297 2301 nvi,
327 2252 352 2291 ut
375 2247 399 2290 iu
423 2245 493 2289 Ennii
517 2243 666 2302 domiporto.
699 2245 803 2290 Navibus
822 2247 896 2306 igitur
914 2261 980 2292 mare
994 2247 1118 2312 florebat,
1143 2251 1326 2307 celebrabatur,
1348 2267 1363 2297 a

239 2318 320 2362 multis
335 2315 520 2370 percurrebatur
534 2319 640 2371 propter
652 2313 751 2369 odores,
771 2323 871 2372 propter
885 2322 1002 2375 unguenta
1021 2318 1127 2376 aliasque
1139 2322 1258 2375 pretiosas
1272 2321 1363 2366 Orien-

241 2390 271 2431 tis
290 2398 394 2431 mercer.
428 2386 468 2430 Sic
487 2384 567 2428 omnia
585 2388 650 2429 recle
669 2397 696 2428 se
713 2384 817 2440 hahent,
848 2391 891 2441 „et
909 2386 1037 2434 Lucretius
1056 2389 1191 2444 exemplum
1209 2391 1304 2436 secutos
1324 2395 1364 2436 est

239 2457 310 2500 Ennii
329 2456 389 2500 haud
408 2457 482 2500 semel
501 2467 573 2497 naves
592 2455 656 2509 ipsas
676 2454 793 2499 velivolus
812 2460 835 2499 et
853 2455 1012 2500 velivolantes
1030 2461 1205 2514 nuncupante.”
1234 2460 1297 2504 llaec
1309 2473 1363 2505 me-

240 2529 301 2572 liora
320 2539 376 2570 saue
395 2526 454 2568 aneis
474 2523 581 2579 pristinis
598 2537 636 2567 me
655 2523 736 2567 docuit
753 2523 910 2582 Forhigerus.
948 2526 1067 2571 Videlicet
1084 2528 1108 2571 in
1128 2529 1205 2582 prima
1222 2528 1268 2574 Ed.
1290 2543 1364 2584 prae-

240 2599 341 2640 tuleram
372 2596 426 2640 lect.
453 2592 498 2638 Cd.
526 2593 557 2638 Ε.
580 2607 595 2637 a
613 2606 664 2638 sec.
689 2606 770 2638 rnaou.
792 2595 865 2639 Viod.
889 2594 965 2640 Poor.
997 2610 1067 2653 quem
1086 2597 1180 2653 quidem
1204 2599 1307 2642 Vossius
1331 2602 1363 2643 ad

239 2665 329 2709 Catuli.
349 2677 372 2718 p.
386 2661 429 2710 lt.
448 2661 593 2718 scripturam
611 2663 667 2706 dicit
685 2665 790 2707 omnium
810 2665 942 2710 librorum:
964 2663 1029 2709 Tum
1047 2678 1117 2708 more
1135 2667 1264 2712 velivolum
1277 2667 1359 2730 jiere-

239 2735 281 2777 out
295 2737 400 2790 propter
418 2731 518 2777 odores.
548 2731 615 2776 Nune
633 2736 712 2777 autem
730 2733 788 2776 milri
807 2745 948 2787 persuasum
972 2735 1088 2778 osthane
1106 2736 1160 2780 lect.
1181 2737 1211 2780 ab
1230 2739 1363 2791 interpola·

240 2810 293 2847 tore
317 2804 411 2846 ductam
435 2815 489 2847 esse
514 2813 543 2846 ex
567 2801 629 2846 Aen.
651 2800 680 2855 1,
704 2799 764 2846 224.
791 2799 943 2860 Despicisne
961 2816 1031 2847 more
1050 2803 1180 2850 velivolum
1198 2830 1230 2840 ·-
1249 2807 1311 2863 quod
1330 2819 1363 2850 ex

239 2871 360 2916 Macrobii
379 2871 430 2915 Sat.
447 2868 474 2929 6,
489 2868 512 2917 5.
530 2883 645 2925 expresso
663 2870 800 2913 testimonio
819 2872 951 2926 desannpsit
963 2873 1003 2917 ille
1018 2887 1047 2918 ea
1057 2873 1118 2917 Livii
1128 2874 1259 2920 Andronici
1270 2875 1363 2919 lleleua

240 2942 336 2995 (morie
355 2939 414 2984 olba
432 2939 555 2991 velivolo).
587 2939 637 2982 lam
651 2952 722 2999 vero,
742 2953 814 2996 quum
832 2941 932 2985 Servius
953 2942 982 2986 ad
995 2942 1056 2988 nen.
1071 2941 1101 2998 7,
1123 2940 1183 2988 804.
1202 2945 1361 2999 memoriter,

241 3016 266 3054 ut
284 3011 391 3063 videtur,
412 3009 436 3053 h.
456 3009 474 3052 l.
494 3009 529 3052 sic
544 3008 643 3052 efferam
665 3007 828 3064 ‚,Lucretius‚
844 3009 953 3073 florebat
964 3012 1069 3058 novibus
1078 3019 1186 3070 pontus,
1206 3015 1230 3058 iu
1243 3014 1361 3058 auxilium

242 3080 334 3123 vocatis
352 3079 425 3124 etiarn
439 3076 535 3134 pendia
551 3077 648 3121 aurinis
660 3077 757 3136 Virgilii
771 3078 817 3125 Ge.
832 3078 862 3135 2,
878 3077 938 3125 tlt.
959 3081 1018 3125 itala
1036 3084 1078 3127 illa
1097 3082 1216 3128 correctio
1234 3088 1288 3127 nala
1306 3088 1361 3138 est,

241 3162 300 3206 quae
319 3151 442 3202 comparet
460 3145 483 3190 iu
504 3145 597 3190 luutinn
617 3151 640 3190 et
658 3153 788 3207 propagato
806 3154 844 3194 est
857 3149 887 3193 alr
900 3149 977 3204 Allo,
995 3149 1190 3197 tamn-nav.
1211 3151 1275 3196 Tum
1287 3165 1362 3198 mure

242 3217 370 3262 velivolum
385 3215 495 3278 florebat
512 3215 610 3260 novibu’
626 3214 729 3271 pendis.
756 3218 842 3278 Pinzg;
863 3222 964 3278 denique
983 3221 1095 3266 volebat:
1125 3219 1191 3265 Tum
1208 3235 1279 3265 mure
1296 3221 1358 3265 veli-

240 3289 337 3333 volum:
351 3284 462 3350 florebct
478 3284 575 3330 novidu'
591 3291 683 3342 pontice
700 3293 794 3332 servata
813 3302 913 3343 prorsus
925 3290 1040 3334 Serviane
1053 3289 1172 3348 lectioue;
1192 3291 1258 3335 euius
1271 3290 1362 3334 iudicio

240 3371 287 3401 non
306 3356 383 3414 tnagis
402 3356 514 3399 accedere
533 3367 631 3410 possmu
649 3368 720 3411 quam
738 3357 897 3416 Forbigerus.
954 3355 1030 3404 liii.
1060 3372 1107 3402 nec
1130 3361 1207 3404 multo
1225 3365 1285 3404 sunt
1301 3364 1361 3404 onte

242 3428 364 3471 elemento
383 3429 493 3482 reperto.
522 3425 561 3469 Sic
577 3426 673 3484 egregie
690 3425 734 3470 Cd.
750 3427 779 3472 C.
806 3428 855 3471 lam
873 3441 945 3485 quum
963 3432 1034 3482 unte,
1055 3429 1224 3483 atestino„
1244 3429 1363 3484 scripturn

240 3509 273 3540 un
297 3509 350 3540 eum
375 3495 463 3540 lineola
487 3507 542 3539 casu
568 3495 696 3539 excidisset
721 3497 758 3541 vel
784 3497 856 3542 etiarn
880 3497 934 3554 quia
953 3497 1092 3542 adverbium
1110 3511 1164 3542 cum
1182 3499 1362 3554 praepositione

240 3566 412 3611 confundentes
431 3568 488 3607 onte
506 3564 531 3608 h.
553 3564 569 3607 l.
589 3564 700 3608 vitiosum
718 3565 846 3620 putabant,
866 3567 974 3624 plerique
987 3568 1136 3622 scripserunt
1147 3581 1193 3611 nec
1204 3568 1281 3612 multo
1289 3567 1362 3626 priu'

240 3641 300 3681 eunt
317 3635 439 3678 steinenla
457 3647 480 3676 r.
513 3633 586 3678 Recte
606 3634 702 3689 quidem
714 3635 743 3676 ad
755 3633 914 3691 seutentiam
934 3637 976 3680 sed
989 3637 1048 3680 salis
1061 3637 1162 3682 moleste
1176 3650 1249 3695 quum
1261 3641 1362 3693 propter

241 3706 325 3751 elisam
343 3705 367 3748 in
386 3702 563 3748 hocvorabulo
583 3702 724 3756 literatus,
752 3707 803 3746 tum
827 3704 881 3761 quia
900 3704 923 3748 iu
942 3717 967 3748 r.
987 3717 1038 3763 seq.
1058 3707 1165 3750 recurrit
1177 3706 1264 3765 prius.
1296 3706 1362 3751 Cou-

240 3780 278 3818 tra
295 3771 345 3822 A.:
364 3787 410 3816 nec
428 3773 506 3817 multo
520 3776 580 3829 poet
597 3776 656 3816 eunt
673 3771 794 3816 elemento
812 3786 836 3817 r.
864 3772 979 3827 „Rectius
987 3805 994 3827 ,
1014 3779 1040 3819 ut
1051 3775 1185 3820 arbitror.’'
1197 3776 1269 3820 Walt.
1297 3777 1361 3820 Seue

240 3845 331 3888 rectius
349 3843 394 3888 hoc
413 3846 465 3887 erat
483 3854 512 3886 ex
530 3840 618 3886 iudicio
637 3854 660 3884 v.
681 3855 703 3885 c.
723 3838 824 3897 Wolfii,
855 3843 894 3899 qui
918 3843 1052 3898 scripturae
1076 3849 1154 3890 artem
1172 3847 1234 3900 apud
1253 3845 1362 3890 Graecos

206 3933 209 3938 ·
241 3914 347 3959 llomero
365 3912 526 3969 posteriorem
544 3910 656 3954 censebat
673 3923 716 3955 occ
728 3923 757 3955 ea
768 3911 792 3956 in
805 3924 833 3955 re
845 3911 982 3957 fallebatur.
1010 3916 1101 3958 Verum
1113 3915 1137 3958 id
1151 3927 1252 3968 prorsus
1264 3919 1362 3960 eontra·

240 3984 304 4026 rium
322 3995 375 4026 esse
394 3981 497 4026 debebat
514 3979 621 4025 Lucretii
641 3979 763 4036 opinioni,
792 3981 832 4039 qui
857 3995 902 4027 uec
926 3983 1025 4028 Iliadem
1048 3997 1124 4041 neque
1143 3983 1277 4038 odysseam
1296 3996 1362 4028 rom·

241 4051 296 4108 poni
316 4051 421 4105 potuisse
440 4050 491 4094 sine
509 4049 630 4094 scribendi
649 4055 700 4094 arte
719 4054 784 4096 certe
803 4052 882 4106 pautto
893 4056 946 4098 aule
959 4052 1091 4102 llomeronr
1103 4053 1128 4098 io
1142 4052 1269 4098 Graeciam
1283 4053 1360 4097 intro·

241 4124 335 4165 ductam
353 4119 459 4176 cogitare
477 4123 581 4174 poterat.
620 4115 695 4163 1t50.
711 4119 814 4175 politos.
835 4122 901 4167 llam
920 4122 1046 4167 lectionem
1063 4123 1159 4168 restitui
1179 4135 1207 4167 ea
1225 4121 1271 4170 lid.
1288 4122 1357 4166 Bria.

241 4191 300 4234 Ver.
312 4189 374 4232 Ven.
387 4185 439 4231 Clr.
455 4183 485 4241 ³,
506 4184 565 4233 308.
587 4187 699 4245 quumvis
717 4187 833 4234 doctrino
847 4191 941 4248 politos
958 4190 1088 4236 consuluit
1104 4191 1207 4248 puriter
1224 4190 1355 4250 quosdam.

241 4259 323 4314 „Usus
341 4257 414 4315 igitur
433 4261 457 4301 et
474 4257 620 4312 experientia
643 4258 777 4302 docuerunt
800 4260 908 4308 homines
933 4262 1007 4308 serrtel
1022 4259 1116 4319 politos
1134 4263 1228 4319 navigia
1246 4261 1309 4307 cet.''
1327 4283 1361 4294 -
