2946 4816
234 231 297 298 256

236 391 303 460 Ora
325 387 483 472 puellares
504 384 628 450 iaciunt
648 382 769 450 incerta
791 381 911 468 capilli.

233 495 377 558 Naturae
399 487 535 572 imperio
559 485 736 572 gemimus,
762 507 859 574 quom
880 486 976 551 iirous
998 486 1122 552 adtiltae
1146 553 1151 564 ,

233 591 381 676 Virginis
404 589 548 655 occurrit
570 588 622 652 vel
645 598 733 651 terra
755 587 912 652 clauditur
933 586 1038 651 iulans

232 695 277 760 Et
300 693 403 756 minor
425 692 499 774 igne
520 688 610 772 rogi.
655 687 736 768 Quis
757 687 838 752 enim
860 691 965 752 bootis
986 701 1018 753 et
1038 687 1249 774 facedignus
1270 757 1273 766 ,
1294 691 1365 754 tto·

234 795 379 871 Arcaea,
403 792 526 876 qualem
550 788 682 856 Cereris
704 789 774 853 volt
795 809 866 854 esse
887 793 1056 866 sacerdos,

234 896 308 961 Ulla
331 893 431 958 aliena
455 892 515 956 sibi
538 895 647 956 credat
669 889 774 954 mala?
796 893 932 974 Separat
955 893 1018 955 hoc
1039 912 1099 956 nos

233 1000 266 1062 A
290 1017 391 1080 grege
415 1004 574 1058 mutorum
595 1004 690 1077 atque
711 992 786 1056 ideo
808 993 992 1056 venerabile
1013 991 1077 1058 soli

234 1097 349 1165 Sortiti
371 1095 530 1180 ingenium
554 1094 798 1179 divinorumque
820 1115 952 1176 capaces
1295 1163 1298 1170 ,

232 1202 343 1284 Atque
367 1196 555 1262 exercendis
577 1194 804 1280 capiendisque
826 1196 947 1260 artibus
970 1197 1055 1280 apti,
1293 1200 1364 1262 tta..

233 1303 367 1366 Sensum
389 1321 406 1363 a
429 1295 558 1362 caelesti
581 1295 748 1360 demissum
771 1297 925 1361 traximus
945 1319 1045 1376 arce,

234 1403 335 1470 Cuius
359 1410 454 1485 egent
475 1419 580 1482 prona
602 1410 635 1463 et
657 1409 775 1462 terram
797 1398 986 1480 spectantia.
1032 1400 1147 1466 Mundi

233 1503 402 1586 Principio
424 1501 554 1564 indulsit
575 1500 748 1564 communis
772 1500 921 1564 conditor
940 1500 1002 1564 illis

233 1609 372 1670 Tarrtum
395 1603 530 1680 animas,
554 1601 648 1665 nobis
670 1601 807 1665 animum
829 1623 979 1686 quoque3
1003 1615 1129 1668 mutuus
1151 1615 1186 1670 nt
1207 1624 1268 1671 nos

231 1709 378 1774 Allectus
401 1716 510 1786 petere
533 1704 683 1766 auxilium
708 1713 739 1767 et
760 1715 925 1785 praestare
947 1704 1088 1781 iuberet,
1290 1710 1356 1773 150

231 1810 407 1890 Dispersus
429 1807 556 1870 trahere
578 1805 609 1868 iu
631 1805 804 1887 populum,
830 1805 968 1890 migrare
992 1818 1119 1872 uetusto

231 1911 283 1976 De
305 1929 437 1974 nemore
460 1919 493 1971 et
514 1906 644 1988 proavis
666 1906 824 1970 habitatas
846 1907 989 1992 linquere
1011 1909 1125 1987 silvas,
1149 1923 1151 1930 “

232 2011 415 2076 Aedificare
438 2011 573 2085 domos,
608 2008 751 2071 Laribus
773 2008 969 2092 coniungere
989 2009 1109 2073 nostris

232 2117 378 2178 'l'ectum
392 2111 494 2187 aliud,
519 2121 606 2174 tutos
629 2108 736 2172 vicino
760 2108 864 2172 limine
886 2131 1017 2174 somnos

231 2216 276 2279 Ut
299 2214 412 2278 collata
436 2215 526 2276 daret
547 2210 681 2274 fiduciae
704 2222 882 2294 protegere
904 2211 999 2274 armis

231 2319 375 2398 Lapsum
398 2325 452 2377 aut
474 2312 594 2397 ingenti
615 2324 775 2375 nutantem
799 2313 931 2377 volnere
954 2313 1074 2392 civem,

233 2417 405 2484 Communi
426 2419 502 2479 dare
524 2415 616 2498 signa
637 2418 733 2490 tuba,
758 2413 922 2478 defendier
944 2418 1041 2478 isdem
1129 2453 1133 2463 ‚

233 2519 395 2583 Turribus
417 2529 512 2602 atque
535 2537 597 2579 una
618 2526 785 2598 portarum
808 2517 898 2580 clave
920 2517 1034 2580 teneri.

233 2623 298 2686 Sed
319 2621 379 2685 iam
402 2629 584 2701 serpentum
608 2617 710 2682 maior
733 2618 922 2684 concordia:
947 2618 1050 2701 parcit

232 2721 393 2805 cognatis
415 2719 545 2783 maculis
568 2719 678 2783 similis
700 2721 782 2784 lere.
828 2720 964 2800 (litando
988 2718 1075 2784 leoni
1292 2723 1365 2787 too

231 2824 366 2889 Fortior
389 2822 505 2906 eripuit
528 2822 625 2886 vitam
648 2820 724 2885 leo?
746 2842 813 2907 quo
835 2843 969 2886 nemore
991 2843 1129 2908 uuquam

231 2923 420 3006 Erispiravit
441 2942 519 3006 aper
541 2923 670 2986 maioris
693 2923 839 2986 dentibus
862 2922 957 3006 apri?

231 3027 342 3092 ludica
364 3025 455 3110 tigris
478 3025 545 3109 agit
566 3025 675 3088 rabida
697 3047 767 3088 cum
791 3024 905 3110 tigride
927 3047 1039 3109 pacem

231 3129 446 3209 Perpetuam:
472 3127 575 3190 saeris
597 3126 680 3189 inter
702 3147 737 3190 se
759 3127 911 3190 convenit
933 3127 1030 3192 ursis.

231 3231 295 3294 Ast
315 3229 437 3293 bomini
458 3228 578 3292 serrum
600 3229 694 3292 letale
716 3227 830 3292 incude
857 3229 990 3294 nefanda
1248 3267 1250 3276 =
1289 3234 1355 3298 165

230 3331 431 3396 Produxisse
453 3351 564 3411 parum
587 3341 652 3403 est;
676 3351 772 3412 quom
795 3342 899 3394 rastra
921 3351 958 3396 ae
977 3333 1103 3398 sarcula
1125 3344 1247 3398 tantum

230 3432 363 3499 Assueti
385 3453 525 3516 coquere
548 3442 579 3496 et
600 3431 712 3494 marris
734 3453 771 3495 ae
793 3454 924 3498 vomere
945 3433 1021 3498 lassi

230 3613 275 3644 nec
291 3599 446 3658 delicatorum
465 3601 572 3652 tautum;
593 3601 618 3640 ut
635 3594 752 3654 significat
771 3597 809 3643 bie
826 3595 956 3652 Repertus.
992 3599 1044 3644 luto
1063 3599 1157 3644 delicati
1170 3600 1238 3655 pueri
1252 3601 1315 3646 tonsi
1330 3607 1357 3647 et
1461 3621 1462 3624 ¹

230 3669 381 3720 circumcisi,
404 3671 429 3710 ut
446 3666 617 3710 demonstravit
637 3666 793 3711 (lasaubonus
804 3667 833 3710 ad
851 3667 950 3714 Sueten.
964 3667 1025 3726 Aug.
1039 3683 1062 3714 c.
1077 3665 1119 3713 15.
1139 3669 1224 3714 'l'aletn
1241 3681 1299 3720 vcro
1313 3684 1357 3716 re·

230 3741 385 3799 praesentare
404 3735 494 3796 noluit,
514 3737 557 3780 sed
577 3735 647 3778 bonis
666 3737 795 3789 spoliatum
812 3749 826 3778 a
845 3741 938 3791 tutore,
957 3738 998 3793 qui
1016 3741 1114 3792 propter
1133 3739 1222 3782 luctum
1235 3752 1265 3782 ne
1278 3741 1357 3793 capil-

229 3807 267 3849 los
287 3807 381 3863 quidem
400 3805 556 3859 deposuerit,
581 3805 625 3850 etsi
646 3804 760 3848 liberatus
779 3806 851 3850 tutela
870 3810 894 3858 et
910 3806 1049 3862 adolescens
1067 3807 1115 3851 iarn
1133 3807 1227 3860 factus,
1248 3808 1356 3852 circuun-

231 3875 310 3920 cidere
336 3876 382 3918 iarn
412 3874 529 3928 potuisset
557 3878 581 3918 et
610 3873 733 3930 debuisset
757 3887 850 3918 comam
880 3878 905 3920 st
933 3877 1051 3933 puellares
1082 3875 1207 3936 capillos.”
1235 3876 1355 3936 Carvanca.

233 3940 298 4003 llll.¹
322 3941 407 3987 Editis
431 3942 560 3999 primores
590 3944 697 4000 septimo
726 3955 812 3986 incure
840 3943 918 4003 gigni
943 3943 1045 4002 dentes,
1076 3941 1145 3989 baud
1170 3943 1273 3988 dubium
1302 3952 1355 3996 est.

230 4031 266 4044 -
282 4009 413 4056 Heluinam
430 4011 506 4069 priua
523 4025 596 4069 quum
614 4013 700 4071 genito
718 4009 789 4068 clereto
808 4013 932 4067 cremori,
953 4026 1006 4057 mee
1024 4013 1138 4076 gentium
1154 4019 1263 4060 nonest.
1283 4013 1355 4061 Plio.

233 4075 325 4132 7,16.
374 4077 433 4124 iil.
462 4082 532 4137 Quod
558 4081 582 4126 b.
602 4081 619 4136 l.
640 4085 739 4124 narrent
757 4081 904 4136 lntsrpretes
922 4083 1059 4136 sepulcrum
1077 4083 1174 4126 infantis
1192 4083 1357 4140 quadraginta

231 4147 315 4210 diebus
328 4148 429 4192 minoris
443 4150 590 4193 nominatum
610 4162 670 4210 esse,
682 4148 909 4208 suggerendae-im,
929 4152 1013 4195 nititur
1031 4153 1173 4199 auctoritate
1191 4151 1261 4204 Fabii
1278 4151 1360 4204 Plau-v

231 4215 305 4259 etatis
322 4217 441 4274 Fulgentii
459 4217 570 4273 Exposit.
590 4231 728 4262 sermonum
746 4220 900 4275 antiquorum
917 4232 941 4274 p.
962 4217 1020 4266 560.
1041 4221 1119 4265 Mere.
1139 4219 1267 4273 scriptoris
1285 4233 1358 4266 insu·

231 4285 311 4356 dacis,-
331 4289 355 4330 et
373 4285 488 4330 vocabula
506 4291 530 4330 et
547 4287 679 4344 scriptores
697 4285 834 4346 contingere
852 4289 929 4340 soliti.
965 4283 1145 4357 »ᾰᾳὸοῦχοῃ
1165 4289 1251 4348 quibus
1270 4302 1358 4341 sacer·¹
