2952 4826
254 197 294 259 12

317 356 411 418 Adde
433 365 618 436 repertores
640 352 859 417 doctrinarum
879 365 973 438 etque
996 353 1161 435 leporum;

253 458 347 521 Adde
368 455 614 521 Heliconiadum
639 455 789 529 comites;
813 476 950 540 quorum
974 477 1052 518 sinus
1075 457 1238 520 Homerus
1289 457 1371 518 1050

254 562 390 642 Sceptra
409 557 530 641 potitus
551 561 659 622 eedem
681 557 752 622 aliis
773 557 891 640 sopitu'
914 557 1020 642 quiete
1043 570 1103 622 est.

315 662 462 747 Denique
486 660 707 726 Democritum
728 671 899 744 postquam
919 673 1040 723 matura
1061 671 1200 724 vetustas

253 763 431 828 Admonuit
451 784 608 827 memores
631 775 735 826 motus
759 762 965 847 languescere
989 762 1115 837 urentis,

253 869 376 949 Sponte
396 886 451 928 sua
469 865 535 930 leto
555 875 650 947 eaput
672 864 788 930 obvius
811 865 928 928 obtulit
947 865 1029 947 ipse.

316 969 390 1049 lpse
410 966 570 1050 Epicurus
589 969 676 1042 obit,
702 969 839 1031 decurso
862 965 979 1031 lumine
1001 968 1098 1044 vitae,
1286 973 1369 1032 1055

253 1067 318 1151 Qui
339 1091 438 1153 genus
461 1071 629 1132 humanum
652 1068 784 1152 ingenio
803 1069 968 1152 superavit
987 1082 1019 1134 et
1035 1071 1157 1135 omneis

253 1169 433 1245 Restinxit‚
458 1171 564 1234 stellas
587 1181 721 1236 exortus
740 1171 787 1234 uti
808 1171 968 1235 aetherius
990 1174 1053 1238 sol.

317 1277 368 1337 Tu
392 1295 470 1338 vero
494 1271 654 1336 dubitabis
673 1285 704 1336 et
723 1272 933 1357 indignabere
953 1273 1064 1349 obire,

253 1377 390 1440 Mortua
408 1374 487 1460 quoi
505 1375 600 1440 vitast
621 1393 725 1458 prope
746 1374 807 1438 iam
832 1374 908 1438 vivo
931 1387 1025 1462 atque
1050 1377 1192 1441 videnti?

253 1477 317 1559 Qui
334 1499 448 1542 somno
467 1490 590 1561 partem
609 1477 761 1542 maiorem
784 1477 925 1542 conteris
947 1477 1018 1542 aevi
1289 1485 1370 1544 1060

252 1583 297 1644 Et
318 1578 456 1665 vigilans
478 1581 585 1644 stertis
607 1601 667 1643 nec
689 1579 812 1643 somnia
832 1601 963 1643 eernere
987 1602 1106 1656 cesses,

253 1681 495 1769 sollicitamque
519 1681 605 1767 geris
628 1704 716 1745 cassa
735 1681 908 1745 formidine
930 1694 1083 1757 mentem;

252 1787 323 1850 Nee
342 1785 487 1868 reperire
510 1797 620 1867 potes,
644 1783 721 1869 quid
743 1782 783 1846 sit
803 1782 863 1845 tibi
885 1804 978 1866 saepe
997 1784 1088 1860 mali,
1112 1808 1208 1870 quom

252 1886 374 1951 Ebrius
396 1887 522 1971 urgeris
542 1887 647 1950 multis
667 1884 762 1949 miser
777 1885 917 1971 undique
941 1886 1026 1949 curis

252 1991 361 2074 Atque
385 1988 488 2052 animo
510 1987 635 2052 incerto
658 1987 785 2051 fluitans
807 2009 921 2050 errore
946 1989 1087 2072 vageris.
1288 1994 1369 2054 1065

316 2090 350 2154 si
369 2101 498 2173 possent
519 2089 684 2164 homines,
707 2089 845 2172 proinde
868 2090 1041 2154 assentire
1062 2091 1209 2155 videntur

252 2195 386 2259 Pondus
408 2191 510 2255 inesse
529 2193 653 2267 animo,
677 2194 765 2277 quod
788 2211 821 2254 se
845 2190 1004 2275 gravitate
1025 2193 1156 2277 fatiget,

171 2370 176 2378 ι
252 2297 281 2358 Ε
302 2292 417 2380 quibus
437 2293 471 2355 id
493 2294 548 2355 fiat
567 2292 683 2356 caussis
703 2313 832 2377 quoque
857 2314 992 2358 noscere
1012 2306 1043 2357 et
1067 2298 1146 2358 unde

252 2400 356 2461 Tanta
375 2396 448 2458 mali
470 2406 629 2481 tamquam
654 2395 753 2458 moles
777 2393 809 2457 in
829 2405 963 2477 pectore
985 2408 1127 2472 constet,

252 2500 348 2563 Haud
369 2498 413 2562 ita
435 2497 531 2562 vitain
555 2509 704 2583 agerent,
729 2507 762 2559 ut
782 2518 866 2560 nunc
884 2495 1072 2583 plerumque
1092 2498 1234 2564 videmus
1288 2505 1371 2565 1070

306 2745 381 2794 1019.
409 2746 532 2806 leporum]
556 2747 702 2802 „literarum
727 2749 893 2792 smoentorum
911 2747 1017 2789 omniurn
1036 2745 1197 2804 (eloquentiae
1216 2754 1370 2804 praesentius)

251 2823 347 2874 praeter
366 2818 471 2873 poetices
490 2817 635 2876 elegantius,
656 2818 685 2862 de
704 2816 790 2874 quibus
808 2817 832 2859 in
844 2827 916 2860 versu
930 2815 1017 2870 prox.”
1035 2817 1107 2860 Wsk.
1148 2813 1223 2863 1051.
1243 2819 1370 2876 recepitur

252 2888 283 2933 C.
303 2889 349 2932 Sed
368 2887 469 2932 rerbutn
487 2887 572 2944 sopire
590 2885 691 2940 primurn
704 2884 776 2928 hebet
786 2886 895 2942 longum,
917 2897 1002 2928 nornen
1015 2898 1090 2942 sopor
1101 2885 1214 2944 brevem;
1235 2892 1259 2932 et
1271 2889 1369 2932 omnino

251 2958 322 3002 dubie
341 2955 694 3011 estaurtoritssuresopire.
733 2950 810 2998 105³.
829 2953 1002 3001 memoreml..
1015 2954 1044 2999 11.
1083 2951 1159 3003 105t.
1178 2956 1275 3004 obtolit.
1294 2955 1368 3014 lpse,

250 3027 308 3084 lpse
325 3027 385 3070 lter.
441 3021 517 3070 1057.
536 3023 662 3069 restinxit
677 3023 754 3068 codd.
774 3022 859 3081 (etiarn
869 3022 898 3067 C.
909 3020 953 3078 E.)
979 3023 1295 3071 restrinxitEd.rett.Ar.
1321 3040 1369 3070 es·-

251 3097 329 3141 tr'nxit
348 3096 379 3139 A.
395 3094 556 3151 praestinxit
572 3093 658 3137 Iretnb.
679 3106 709 3137 ex
727 3097 842 3148 perpetua
859 3092 999 3138 confusione
1019 3093 1081 3137 inter
1095 3095 1291 3155 praestringere
1308 3109 1371 3140 ocu·

250 3167 304 3218 los,
324 3166 387 3223 quod
404 3164 539 3222 legitimum
557 3167 607 3216 est,
624 3163 803 3223 perstringere
822 3162 857 3221 (r.
874 3177 896 3210 c.
914 3176 991 3206 eures
1006 3163 1090 3207 llornt.
1108 3163 1155 3207 Od.
1173 3161 1203 3219 2,
1223 3165 1252 3219 1,
1271 3161 1326 3223 ta.)
1346 3172 1371 3209 et

247 3235 454 3294 praestinguere.
474 3256 508 3266 -
532 3232 608 3276 Codd.
630 3237 720 3276 tentum
738 3246 784 3276 nou
803 3245 900 3285 omnes,
930 3233 1003 3276 etiam
1020 3232 1049 3278 C.
1072 3232 1103 3277 E.
1123 3233 1184 3280 Edd.
1205 3237 1262 3278 vett.
1282 3233 1370 3278 ni'rins

251 3305 304 3358 sol,
325 3317 369 3359 pro
388 3317 433 3360 qne
452 3302 554 3347 lectione
572 3303 692 3359 depugnet
709 3302 781 3346 Wuk.
802 3300 914 3354 „Ai'rt'us
926 3302 980 3356 sol,
1001 3302 1091 3359 inquit,
1111 3303 1132 3347 is
1146 3307 1196 3356 est,
1217 3303 1256 3358 qui
1270 3303 1293 3346 in
1307 3303 1370 3346 ei‘ru

194 3373 207 3394 ⁹
251 3374 353 3432 emergit
371 3385 401 3417 ex
419 3382 524 3420 oceano:
544 3368 672 3416 aetherius
691 3377 771 3416 sutem
789 3372 843 3425 sol,
863 3372 902 3428 qui
921 3371 1025 3415 medinm
1044 3372 1103 3415 eseli
1122 3373 1158 3416 vel
1172 3373 1256 3416 saltem
1269 3373 1370 3417 altiores

251 3444 311 3488 eseli
329 3447 420 3487 tractus
437 3441 598 3498 perequitnt.'’
632 3440 685 3499 Ego
710 3455 768 3486 vero
793 3440 838 3485 boc
861 3440 990 3484 discrimen
1009 3440 1102 3485 Latinis
1126 3441 1234 3498 ignotum
1257 3447 1370 3498 esusque

251 3513 281 3558 sb
300 3513 331 3557 iis
346 3513 370 3557 in
383 3511 495 3563 aethere,
516 3523 563 3554 non
576 3510 600 3554 in
613 3513 669 3555 altre
683 3511 800 3554 collocuta
812 3509 886 3554 fuisse
900 3523 997 3554 censeo.
1027 3509 1079 3554 Cic.
1094 3511 1122 3555 de
1136 3509 1190 3555 Nat.
1203 3509 1311 3564 Πρω-,2,
1326 3507 1368 3554 15.

250 3581 338 3628 sidere
365 3579 509 3625 aethereum
534 3580 616 3623 locum
645 3579 764 3624 obtinent.
790 3579 828 3626 lb.
849 3576 890 3624 19.
916 3580 956 3622 sol
973 3584 1057 3623 eutem
1075 3603 1085 3615 ·
1104 3603 1114 3615 -
1132 3585 1260 3624 astrorum
1278 3579 1372 3624 obtinet

247 3652 431 3711 principatum.
469 3649 535 3693 Unde
562 3647 690 3693 aetherius
720 3653 861 3703 perpetuum
887 3649 948 3702 spud
972 3648 1110 3692 Lucretium
1135 3654 1171 3694 est
1194 3649 1254 3693 solis
1278 3650 1370 3704 epithe-

251 3727 308 3766 ton:
324 3721 349 3777 5,
367 3718 433 3774 216,
447 3715 513 3774 268,
530 3715 595 3771 282,
610 3714 669 3762 390.
690 3717 730 3760 nbi
749 3717 805 3760 libri
824 3721 964 3760 constanter
982 3713 1124 3772 aetherius,
1144 3722 1170 3762 ut
1184 3719 1208 3762 h.
1224 3720 1241 3764 1.
1256 3719 1371 3763 exhibent

251 3791 318 3835 Lart.
336 3788 349 3835 3
360 3821 366 3844 ‚
382 3787 424 3835 17.
445 3785 508 3846 (siue
528 3789 575 3830 ulla
593 3786 708 3830 verietate
728 3787 752 3830 in
770 3785 847 3844 Codd.
867 3798 890 3829 r.
911 3786 1049 3831 Bitnemsnn
1070 3792 1093 3831 et
1109 3787 1142 3832 Le
1158 3788 1247 3840 Brun.)
1265 3787 1321 3832 Ald.
1338 3787 1369 3831 L.

252 3861 282 3907 tt.
302 3860 389 3903 nerine
407 3857 520 3902 Lucretio
539 3861 594 3900 sunt
611 3856 740 3909 volueres,
765 3867 863 3908 eurem·
886 3855 935 3898 imo
955 3853 985 3909 2,
1008 3851 1065 3901 151.
1085 3857 1149 3901 solis
1166 3857 1251 3900 lumen
1269 3855 1371 3900 tardius

245 3916 290 3974 'ire
317 3924 440 3988 Cogitur,
467 3925 555 3970 adrine
579 3924 644 3984 quod
660 3926 699 3970 sie
717 3923 856 3969 diverberet
874 3922 956 3969 undas
974 3926 1005 3979 (1.
1026 3940 1048 3972 e.
1068 3925 1138 3971 ne'ris
1156 3939 1227 3970 mors
1247 3923 1277 3981 5,
1298 3923 1371 3976 277.)

251 4001 326 4057 longe
352 3993 424 4055 infra
450 4008 478 4040 es
498 3995 608 4052 positas.
628 3993 700 4039 Aeris*
725 4000 820 4039 montes
847 4007 941 4051 quoque
968 3995 1093 4049 dicuntur,
1121 4009 1169 4039 non
1196 3993 1305 4040 aetherii
1329 4007 1369 4048 sp.

252 4068 342 4113 Getull.
354 4063 402 4119 61,
416 4063 476 4111 259.
496 4065 589 4110 'l'ibnlb
608 4062 637 4118 1,
654 4059 736 4110 7.15.
755 4078 778 4109 r.
793 4064 899 4109 llsscblt.
938 4061 1014 4110 1059.
1035 4065 1122 4109 Cicero
1139 4078 1182 4119 pro
1199 4065 1279 4110 Sestio
1290 4063 1313 4123 6.
1326 4061 1368 4108 59.

252 4139 321 4183 rivus
340 4141 366 4180 nt
383 4133 455 4179 aiunt
473 4133 616 4178 stridens:
642 4134 938 4180 ubividequd.1nin.
995 4129 1070 4179 1065.
1091 4133 1172 4177 animi
1188 4133 1218 4178 L.
1236 4135 1266 4178 11.
1287 4138 1372 4178 eontra

252 4207 329 4255 codd.
357 4203 489 4258 Triplieem
513 4204 557 4248 etsi
582 4204 620 4249 hie
643 4215 728 4248 versus
752 4203 856 4247 admittit
873 4203 1050 4247 distinctionem
1067 4207 1163 4248 notente
1181 4205 1240 4258 W.‚
1270 4202 1370 4247 unetos-is

252 4289 365 4322 ssesurse
390 4277 467 4319 tsinen
491 4273 527 4317 ris
552 4286 596 4317 nos
615 4273 680 4318 iubet
699 4273 799 4330 iungere
817 4276 889 4331 ntpns
906 4272 1011 4332 regeris
1029 4283 1130 4326 errore,
1158 4271 1267 4334 fluitans
1285 4271 1372 4315 anieno
