2948 4820
1192 211 1254 281 393

372 376 441 439 Iam
464 395 523 440 nec
545 386 633 439 scuta
656 388 750 440 sonat
771 396 830 439 nec
852 373 1020 458 strepitum
1043 375 1144 439 trucis
1222 375 1263 438 to

310 477 469 554 Gradivi,
495 482 552 541 sed
574 478 727 540 amabiles

373 582 473 645 Ruris
495 581 644 646 delicias:
670 580 737 644 sive
760 580 905 644 rubentia

313 684 388 748 Udo
411 705 487 748 rore
509 683 632 749 rosaria

378 787 442 849 Seu
463 787 576 852 molles
599 785 701 850 violas
724 785 791 849 sive
815 785 989 852 volubilem

312 889 395 951 Leni
416 888 543 950 flumine
566 888 683 950 vitiam

375 991 441 1053 Seu
461 989 567 1071 primo
591 991 728 1074 graciles
751 1011 828 1054 vere
851 991 1029 1056 Fauonios.

312 1095 357 1157 Ar
379 1103 433 1168 tn,
460 1091 601 1170 Narvia,
627 1114 720 1176 quem
743 1113 824 1176 puer

378 1197 462 1257 Tum
484 1194 619 1276 primum
645 1194 783 1258 Calabra
805 1195 959 1275 personui
981 1195 1061 1273 lide,

314 1299 388 1360 Ictu
409 1296 543 1378 pectinis
567 1298 630 1358 hoc
651 1298 734 1358 habe

374 1397 515 1462 Incisum
538 1397 631 1461 viridi
653 1419 779 1462 carmen
801 1397 833 1459 in
855 1397 946 1460 ilice:

314 1501 440 1583 „Quem
463 1502 635 1578 Phoebus,
661 1500 802 1564 citharae
824 1513 934 1584 pater,

378 1605 480 1685 Quem
503 1605 605 1666 laetae
629 1604 758 1667 citharis
781 1603 925 1668 Pierides
949 1615 1072 1681 amant,

316 1709 454 1770 Laetum
477 1708 600 1769 barbita
625 1706 796 1781 Narniam,

378 1810 515 1872 Laetum
539 1808 676 1893 virginei
698 1821 951 1892 sempcr'amcnt
973 1809 1076 1874 chori.

318 1915 427 1988 Haec,
453 1916 524 1974 dum
547 1924 662 1993 sponte
679 1911 812 1974 virentia

268 2035 270 2046 ·
377 2015 501 2079 Vivent
522 2014 553 2076 in
576 2014 677 2077 teneri
700 2018 833 2079 volnere
856 2015 1004 2092 corticis,

315 2116 494 2181 Addiscenl
514 2117 607 2197 pueri
627 2117 703 2194 tibi,

376 2219 554 2280 Addiscent
575 2217 690 2280 tacitae
713 2219 852 2282 carmina
877 2221 1043 2304 virgines:

315 2324 415 2385 Festo
439 2341 514 2383 mox
538 2321 645 2382 eadem
668 2318 739 2396 dic,

379 2425 466 2489 Dum
491 2424 614 2510 glebam
639 2421 759 2486 solidae
782 2424 861 2488 locis
884 2437 916 2489 ct
936 2426 1048 2510 igneas

315 2527 440 2592 Electri
464 2528 610 2590 lacrimas
633 2527 759 2610 legent,
1016 2521 1020 2526 ’

378 2629 495 2695 Partiti
518 2627 652 2712 geminis
674 2629 769 2692 litora
793 2629 957 2707 coetibus,

318 2733 462 2798 Alternis
485 2731 577 2814 pueri
599 2730 674 2806 tibi,

379 2833 522 2898 Alternis
544 2820 688 2896 recinent
712 2833 849 2898 carmina
874 2835 1049 2922 virgines.’'

546 3139 608 3188 LlB.
630 3139 673 3184 Ν.
712 3138 776 3183 ODE
798 3138 867 3183 xlv.

405 3259 468 3322 AD
493 3257 702 3322 CRISPUM
726 3259 1013 3323 LAEVINIUM.

227 3383 385 3464 Rogatus
407 3402 469 3442 eru·
489 3400 590 3460 saepe
610 3400 675 3460 per
698 3376 787 3440 viam
808 3391 962 3454 comeret,
994 3379 1190 3462 respondet.

319 3520 425 3599 Quom
448 3540 547 3580 meatu
571 3518 664 3580 nullis
686 3519 836 3610 humeros
860 3529 992 3580 onustus

261 3642 265 3655 ¹
316 3620 456 3683 Sarcinis
479 3633 582 3682 tecum
605 3619 740 3702 patriam
765 3620 874 3684 reviso

316 3724 437 3785 Laetus
461 3734 490 3784 ct
513 3743 616 3803 parvo
641 3721 860 3806 uibicunque
884 3723 973 3787 dives

403 3822 507 3887 Canto
531 3824 655 3898 viator3

317 3949 369 4010 Tu
391 3943 465 4010 siles
489 3958 662 4009 ntaestum:
685 3946 743 4009 tihi
765 3970 841 4011 cura
866 3949 980 4010 Musas

316 4046 427 4111 Demit
451 4049 592 4110 etmulti
616 4070 716 4131 grave
739 4054 864 4133 pondus
888 4051 978 4126 atari,

318 4150 473 4234 Quaeque
497 4165 527 4214 tc
551 4156 710 4234 quondam
736 4157 816 4217 male
832 4155 891 4216 fula
912 4175 1016 4216 rerum

404 4258 516 4321 'l'urba
539 4256 709 4340 relinquet.
