2948 4820
652 376 706 442 52.

5 491 6 496 ’
122 478 243 546 Vinum
265 487 409 562 praestat
431 476 505 562 enati
527 476 642 542 divinis
667 478 790 542 ratibus
814 499 922 555 arsum-3

159 645 161 648 .
187 584 314 666 Aquam
338 582 459 644 bibenti
481 583 578 644 Musa
602 601 661 643 neo
682 580 764 642 cedit
788 583 882 644 bene.

121 685 183 749 Ille
205 697 297 760 trum,
321 683 443 760 Liber,
468 705 564 767 qinom
588 683 706 745 diceret
727 683 786 744 ista
805 683 979 759 Cratinus,

185 789 322 850 Madens
345 786 452 850 olebat
473 806 537 849 nou
560 797 680 859 utrem,
705 786 760 847 sed
782 785 914 848 dolium.

124 887 275 952 Carmina
299 890 358 950 sub
379 887 473 950 sertis
493 888 629 950 fundens
652 887 832 976 bederaque
854 886 1016 950 revinctus
1221 890 1240 953 5

187 992 342 1055 Florente
364 991 460 1053 laetas
482 989 515 1051 in
536 999 625 1052 tunm
646 1009 766 1053 morem
789 1008 912 1052 comas.
989 987 992 992 “

657 1174 712 1239 53.

123 1297 241 1363 Cernis
261 1294 489 1378 Aristophanis
511 1315 604 1358 sacra
625 1293 785 1369 carmina,
808 1291 898 1377 queis
920 1295 960 1358 ab
983 1293 1141 1358 Acbarnis

185 1399 355 1462 Florentes
377 1395 687 1482 hederaekeircuiere
709 1417 830 1459 cernas.

122 1501 246 1582 Aspice
268 1521 361 1584 quam
385 1499 483 1562 multo
507 1498 650 1580 rapiatur
671 1498 788 1579 pagina
812 1499 940 1561 Baccho
953 1542 968 1585 ,Ι

186 1603 286 1665 Plena
309 1601 434 1684 quidem
457 1603 641 1674 Venerum,
665 1601 719 1664 sed
743 1603 905 1662 metuenda
929 1611 1048 1662 tannen.
1098 1640 1100 1644 -

120 1703 276 1767 Moribus
299 1722 319 1765 o
344 1700 475 1766 Graecis
499 1703 655 1782 prudente
678 1701 822 1764 salutifer
843 1701 912 1776 ira,
1220 1703 1239 1765 5

185 1804 350 1882 Maxime,
375 1825 432 1867 serr
454 1803 557 1880 rides,
583 1803 734 1881 Comioe,
759 1804 827 1868 sive
850 1816 955 1868 notas.

651 1991 706 2054 5l.

121 2108 308 2173 immortale
330 2107 392 2172 sibi
413 2107 564 2192 templum
588 2071 682 2195 quum
709 2107 820 2173 Gratia
843 2109 961 2192 triplex

186 2214 380 2293 Quaereret,
405 2233 479 2276 ecce
501 2212 607 2278 animo
630 2212 711 2276 sedit
732 2213 970 2295 Aristophanis.

652 2381 706 2445 55.

118 2498 302 2565 Antimachi
323 2499 426 2564 sortes
448 2521 600 2564 urrmeros
622 2512 653 2564 et
677 2499 815 2564 carmina
838 2487 952 2576 lauda,

186 2607 332 2666 Heroum
355 2616 496 2666 veterum
519 2605 613 2687 digua
637 2605 827 2686 supercilio;

120 2706 273 2770 Formata
297 2704 411 2768 Aoniis
433 2705 616 2783 incudibus,
641 2707 726 2769 auris
750 2719 840 2770 acuta

185 2807 219 2869 si
240 2806 318 2882 tibi,
342 2807 369 2871 si
392 2820 443 2871 tua
467 2829 552 2870 mens
576 2830 632 2871 ora
656 2830 769 2872 severa
792 2811 927 2891 probat,

120 2909 249 2972 Nullius
272 2912 352 2990 pede
375 2910 448 2972 trita
470 2911 557 2973 iuvat
579 2910 605 2972 si
627 2921 660 2973 te
682 2909 748 2975 via.
794 2910 940 2991 Quodsi

185 3010 312 3074 Pieriae
334 3023 495 3094 sceptrum
518 3013 618 3075 laudis
641 3015 806 3077 Homerus
828 3015 941 3088 babet,

119 3111 232 3176 Vincit
253 3115 436 3194 Neptunum
459 3135 589 3198 quoque
612 3115 776 3197 Iuppiter:
801 3128 936 3180 attamen
959 3115 1011 3186 ille

186 3216 266 3278 Tam
289 3214 337 3279 dis
360 3226 408 3277 est
430 3217 552 3294 maior,
578 3239 672 3301 quam
695 3218 776 3281 Iove
798 3240 879 3302 rege
901 3218 1019 3282 minor.

121 3317 175 3381 Sic
197 3317 250 3379 uni
272 3317 354 3381 cedit
376 3317 455 3380 civis
480 3317 685 3401 Colophonis
708 3323 874 3398 Homero,

185 3419 250 3484 Sed
270 3419 350 3486 colit
370 3422 455 3483 hunc
478 3431 584 3484 vatum
608 3434 713 3486 cetera
736 3423 831 3486 turba
853 3425 978 3486 ducem.

651 3589 719 3656 55.Ι

119 3707 272 3771 Infudere
293 3707 349 3772 tibi
371 3721 481 3773 nectar
504 3711 541 3773 de
563 3709 698 3775 lloribus
722 3723 827 3776 ortum

181 3809 344 3875 Pieridum
366 3833 496 3895 campos
519 3834 601 3897 quae
622 3816 818 3899 populantur
840 3835 936 3898 apes:

254 4012 418 4072 Fervebatqne
436 4017 519 4074 vigens
538 4016 624 4061 animis
635 4047 651 4072 ‚¹
662 4015 793 4062 rubicunda
812 4016 899 4061 virenti

291 4083 361 4128 more
380 4089 422 4128 tuo
439 4091 536 4142 gestans
554 4091 663 4142 tempora
681 4089 759 4132 vincta
778 4087 877 4134 hedera.

185 4147 229 4210 55]
249 4150 377 4197 Currirbius
396 4155 449 4198 sie:

254 4221 406 4278 Quaerebant
423 4223 534 4266 Charites
554 4227 682 4284 templum,
702 4228 763 4282 quod
783 4226 846 4269 nulla
865 4230 970 4270 vetustas

282 4291 409 4336 Solveret:
430 4291 550 4336 inventum
568 4297 605 4338 est
623 4299 705 4350 pectus
724 4295 903 4352 Aristophanis.
