2964 4814
110 385 195 446 Non
218 384 330 447 doinus
352 383 415 446 ulla
437 382 527 446 iores
550 381 678 460 babuit,
703 403 766 446 non
790 383 875 445 lixtis
899 382 929 445 in
955 383 1061 468 agris,
1096 401 1099 408 ’
1140 379 1145 390 ’

184 484 249 562 Qui
270 493 399 567 regeret
421 481 657 547 certis-sinibus
680 503 779 560 arva,
804 482 901 566 lapis.

113 585 219 666 Ipsae
242 585 333 647 mella
355 586 472 646 dabant
493 585 807 668 qniercus‘ultroque
828 583 976 649 ferebant

185 684 290 748 Obvia
312 685 433 749 securis
456 689 555 748 ubera
578 686 669 749 lactis
691 706 784 750 oves.

114 787 198 850 Non
221 786 327 862 acies,
352 808 415 849 non
438 787 485 850 ira
507 787 588 862 suit,
613 806 678 851 non
700 788 783 850 bella
807 807 865 851 neo
888 808 994 853 ensem

184 887 310 951 immiti
324 909 439 952 saevus
462 889 597 951 diruerat
621 898 689 950 arte
711 888 815 954 leber.
902 929 921 938 υ

117 991 217 1053 Nunc
238 990 320 1053 Iove
342 991 402 1051 sub
421 989 552 1054 domino
576 992 688 1054 caedes
716 1000 748 1053 ct
771 991 903 1053 volnera
926 1011 1069 1075 semper,

184 1092 280 1154 Nunc
302 1075 406 1169 mare,
431 1113 514 1154 niune
538 1091 594 1154 leti
614 1090 699 1154 mille
721 1103 854 1172 repente
881 1091 964 1156 viae.

118 1195 251 1268 Parce,
274 1197 386 1275 pater!
410 1192 550 1256 timidum
574 1213 637 1256 non
660 1213 709 1256 ine
730 1192 870 1273 periuria
896 1205 1036 1271 terrent,

185 1297 261 1359 Non
285 1295 367 1358 dicta
390 1294 422 1357 in
445 1306 575 1359 sanctos
590 1292 691 1376 impia
713 1297 814 1358 verba
836 1297 928 1359 deos.

119 1396 268 1476 Quodsi
288 1397 401 1460 fatales
423 1396 484 1460 iam
508 1416 591 1460 ntrnc
611 1395 809 1478 explevimus
835 1417 955 1473 annos,
1017 1435 1020 1444 ·

185 1501 252 1562 Fac
273 1498 353 1580 lapis
375 1498 537 1581 inscriptis
562 1507 624 1560 stet
642 1519 741 1579 super
762 1519 835 1562 ossa
856 1498 965 1562 notis:

120 1601 190 1664 Hic
213 1621 315 1662 incer
336 1613 464 1662 iurnuri‘
482 1615 694 1664 consulturus
716 1619 832 1664 moure:
856 1602 1048 1678 'sisennus,

183 1703 378 1765 Messenius
401 1723 506 1764 renus
528 1720 600 1762 nuni
622 1721 846 1776 ssouiruapur:
870 1723 967 1764 nisui.

119 1805 185 1866 Sed
208 1824 275 1880 mc,
299 1806 387 1888 quod
408 1803 509 1866 facilis
533 1814 644 1866 tanaro
666 1823 735 1865 sum
758 1823 886 1886 semper
908 1804 1023 1868 Amori
1037 1848 1059 1879 ,-

184 1906 259 1987 ipsa
282 1907 395 1968 Venus
417 1926 548 1986 campos
571 1907 672 1968 diicat·
687 1907 726 1966 ad
748 1904 893 1985 Elysios.

121 2006 188 2070 Hic
210 2008 348 2071 choreae
371 2019 545 2090 cantusque
568 2006 680 2090 vigent
702 2007 883 2090 passimque
906 2017 1059 2090 vagantes

184 2109 288 2172 Dulce
309 2118 425 2172 sonunt
446 2106 532 2170 tenisi
554 2119 683 2190 gutture
705 2130 831 2173 carmen
855 2130 943 2172 aves.
992 2113 996 2120 '

120 2209 201 2272 Fert
223 2209 338 2272 casiam
360 2230 424 2273 non
447 2209 530 2271 culta
554 2198 820 2294 seges-totosque
842 2231 900 2293 per
922 2231 1021 2294 agros

186 2310 301 2374 Floret
323 2310 466 2376 odoratis
488 2323 574 2373 terra
597 2311 735 2394 benigna
757 2311 861 2388 rosis,

122 2414 177 2476 Ac
197 2411 345 2474 iuvenum
370 2413 468 2475 series
488 2411 607 2475 teneris
630 2411 770 2474 immixta
793 2413 909 2496 puellis

183 2513 284 2576 Ludit
305 2525 337 2576 et
359 2512 483 2576 assidue
505 2513 764 2595 proeliamiscet
791 2517 910 2578 Amor.
980 2516 982 2520 ’

119 2613 195 2677 Illic
217 2624 283 2689 est,
307 2615 483 2698 cuicunque
505 2637 605 2698 rapax
628 2635 716 2680 mors
744 2616 831 2680 venit
851 2617 984 2695 amanti,

184 2719 229 2780 Et
252 2717 336 2800 gerit
358 2717 474 2800 insigni
497 2729 616 2796 myrtea
639 2730 722 2780 serta
745 2740 850 2783 coma.

121 2821 169 2884 Ar
190 2819 342 2880 scelerata
364 2818 444 2882 iacet
467 2822 557 2882 sedes
578 2819 610 2881 in
634 2831 729 2882 noete
747 2821 908 2901 profunda

185 2920 326 2995 Abdita,
351 2942 444 3004 quain
467 2919 588 2983 circum
608 2920 737 2984 flumina
757 2922 849 3006 nigra
870 2935 997 2988 sonant.

122 3020 364 3105 Tisiphoneque
384 3021 513 3103 impexa
535 3021 627 3086 feros
648 3043 710 3105 pro
734 3022 874 3086 crinibus
897 3046 1017 3110 angues

188 3122 296 3186 Saevit
318 3134 349 3185 ct
370 3124 433 3186 huc
453 3123 528 3186 illuc
553 3123 649 3205 impia
672 3126 766 3187 turba
787 3124 884 3208 fugit.

123 3227 206 3287 'sirm
228 3223 320 3308 niger
340 3223 371 3286 in
394 3236 489 3306 porta
516 3237 697 3306 serpentum
720 3223 884 3288 Cerberus
909 3249 966 3292 ore

135 3335 137 3338 ’
185 3325 305 3388 Stridet
327 3337 358 3389 ct
380 3338 503 3388 aeratas
524 3330 661 3390 excubat
684 3336 755 3390 ante
774 3325 875 3392 lones.

123 3507 230 3551 Broulib.
250 3509 281 3554 V.
319 3505 361 3553 54.
381 3506 412 3552 At
424 3508 492 3565 lapte
504 3510 536 3554 V.
569 3509 606 3555 lb.
621 3509 777 3567 iuscriptiae
794 3511 852 3556 cdd.
869 3515 928 3566 opit.
939 3511 1038 3555 bachin.
1054 3533 1085 3544 —-
1099 3511 1240 3570 inscriptus

121 3577 190 3620 Cdd..
201 3577 258 3632 aliq.
277 3577 309 3619 V.
337 3576 364 3620 B.
393 3597 422 3608 -
448 3575 489 3620 nie
510 3579 622 3634 scriptur
649 3581 678 3623 de
702 3575 807 3623 Fraterii
839 3581 902 3624 coni.
928 3581 1017 3637 Vulgo.
1056 3579 1082 3623 in
1106 3580 1240 3637 inscriptis

121 3657 191 3690 neruo
215 3645 314 3689 haerare
337 3649 425 3700 potest.
471 3645 506 3688 lid
533 3647 638 3691 Protei-ii
663 3649 726 3691 coni.
754 3647 837 3693 confer
864 3646 936 3692 oria.
968 3646 1072 3692 Heroirl.
1101 3646 1147 3701 tt,
1180 3647 1238 3694 128.

121 3713 269 3771 Scriptaque
290 3713 342 3757 rint
367 3705 453 3758 titulo*
468 3721 556 3758 nostra
579 3717 697 3772 sepulcro
722 3717 799 3760 brari.
866 3715 907 3761 57.
927 3718 970 3775 qui
988 3716 1065 3762 eota.
1086 3719 1185 3773 aliquot.
1206 3741 1240 3752 -

121 3783 164 3841 qui
181 3805 192 3819 ·
210 3782 260 3825 rim
276 3783 307 3826 V.
362 3779 403 3827 58.
423 3781 458 3826 nd
474 3781 591 3843 Elysios]
609 3782 717 3828 firmatur
736 3799 750 3828 a
765 3784 827 3828 cti.
846 3784 960 3839 Lachne,
981 3786 1020 3841 qui
1042 3799 1096 3828 cuin
1109 3785 1164 3829 aliis
1179 3786 1238 3831 ora.

120 3851 147 3896 iu
164 3851 285 3905 praetulit.
322 3849 408 3895 Obstat
424 3852 526 3896 imitatio
548 3853 647 3896 Domitii
665 3854 741 3896 Marsi
761 3855 784 3896 in
811 3854 888 3910 epigr.
908 3854 932 3897 iu
955 3853 1092 3898 Tibullum:
1114 3877 1146 3910 ,-
1166 3851 1239 3900 Mora

123 3920 234 3964 iuvenem
251 3931 352 3976 compet
368 3918 487 3964 misitsed
498 3919 612 3980 Elyrior.
670 3919 711 3965 61.
729 3935 777 3978 per
794 3934 876 3966 annor
894 3923 1002 3966 Santonii
1018 3935 1085 3974 susp.
1142 3919 1184 3967 63.
1204 3923 1240 3969 Ac
1283 3970 1286 3974 ,

121 4001 173 4032 enin
194 3987 255 4032 eoa.
274 3988 332 4044 aliq.
361 3993 384 4032 et
412 3990 511 4033 vossio.
549 3989 601 4033 Cir.
622 3991 651 4034 ad
669 3990 774 4033 iorinarn
796 3990 913 4035 orationis
931 4005 954 4035 v.
976 3988 1018 4035 tt.
1037 3987 1145 4034 -'Hac
1168 3994 1240 4038 solita

120 4056 256 4110 corruptela
272 4056 335 4109 Alii,
354 4057 414 4103 uude
437 4057 505 4114 itali,
532 4060 629 4118 Vulgo:
650 4082 683 4092 -
707 4056 766 4104 Hic.
803 4059 850 4102 Alii
868 4059 929 4116 ireq.
952 4059 1092 4104 confusions
1109 4059 1157 4118 Au
1177 4064 1240 4118 qnod

120 4126 209 4180 recepit
229 4123 344 4178 Lachm.‚
364 4125 397 4169 ita
419 4131 444 4169 ut
461 4125 502 4171 liat
519 4127 639 4182 oppositio
655 4127 734 4184 aliqua
753 4129 816 4172 inter
838 4141 952 4171 amoenos
971 4129 1026 4173 illos
1039 4142 1111 4187 agros
1128 4135 1152 4174 et
1174 4130 1239 4174 iure·

121 4205 191 4247 utrm,
210 4193 250 4250 qui
266 4206 308 4238 eos
325 4193 503 4250 perambulant,
524 4198 601 4240 ludos.
647 4199 739 4240 Verum
757 4197 822 4250 boc,
843 4197 887 4239 etsi
906 4197 1057 4252 speciosum,
1077 4197 1175 4253 probari
1199 4213 1240 4242 ne·

121 4263 169 4322 quit
188 4265 287 4321 propter
307 4263 377 4321 louge
399 4264 516 4310 maiorem
534 4266 710 4321 oppositionem
731 4279 796 4310 vers.
819 4261 859 4310 67.
883 4265 934 4321 (ubi
956 4267 997 4310 alii
1015 4267 1073 4310 item
1094 4265 1159 4321 Ac),
1179 4279 1239 4323 quae
