2948 4820
238 227 300 292 bil

239 383 479 468 Bellantemque
499 382 611 447 Iovem
633 379 767 446 cerno.”
810 377 980 446 Venientia
1002 379 1067 446 tara

240 487 329 548 Scire
352 487 432 549 ultra
457 485 555 549 vetuit
577 485 660 549 Iuno
689 485 856 566 fibraeque
877 491 1009 564 repente

240 587 455 652 Conticueres
479 588 577 650 latent
597 607 687 648 casias
709 586 861 668 longique
883 585 1023 650 labores.

491 723 724 790 CLAUDII
755 721 1090 792 CLAUDIAM.

684 837 715 902 t.
738 833 910 900 Nemesis.

522 945 576 1026 (lu
597 945 756 1010 Romnum
779 947 858 1008 Lm.
881 945 912 1009 Ι.
937 945 1069 1024 1-93.)

279 1057 382 1142 Saepe
406 1054 628 1130 mibidubiam
651 1057 748 1120 traxit
769 1055 925 1120 sententia
947 1067 1098 1136 mentem,

237 1159 395 1226 Curarem
417 1160 526 1242 superi
546 1171 667 1236 terras,
692 1180 731 1222 au
754 1159 858 1221 nullus
882 1157 998 1221 inesset

236 1265 359 1330 Rector
381 1273 412 1324 et
433 1261 559 1326 incerto
578 1261 713 1324 fluerent
735 1259 881 1325 mortalia
902 1280 991 1324 casu.

234 1365 316 1428 Nam
339 1386 436 1450 quom
460 1363 605 1446 dispositi
627 1361 816 1446 quaesissem
838 1361 968 1426 loedere
991 1359 1097 1424 mundi

233 1467 522 1550 Praescriptosque
544 1463 623 1526 mari
644 1465 724 1528 lines
746 1462 900 1546 annisque
924 1473 1045 1526 meatus

232 1569 278 1632 Et
299 1566 379 1630 lucis
399 1566 568 1649 noctisque
591 1565 694 1641 vices,
718 1577 795 1630 tunc
818 1565 923 1629 omnia
947 1567 1043 1640 rebar

232 1668 380 1734 Consilio
402 1669 526 1732 firmata
548 1665 617 1743 dei,
641 1667 695 1750 qui
717 1668 789 1752 lege
812 1666 940 1730 ruovcri

231 1771 361 1846 Sidera,
386 1768 439 1852 qui
460 1769 572 1854 fruges
593 1767 722 1832 diverso
746 1781 892 1852 tempore
914 1769 1020 1848 nasci,

232 1871 296 1953 Qui
319 1870 436 1936 variam
459 1871 615 1936 Phoeben
636 1871 738 1936 alieno
760 1871 888 1934 iusserit
910 1870 978 1956 igni

232 1972 399 2056 Compleri
421 1972 593 2058 Solemque
615 1994 692 2050 suo,
715 1972 898 2055 porrexerit
922 1971 1013 2036 randis

230 2075 366 2153 Litora,
390 2074 537 2138 tellurem
562 2075 665 2140 medio
688 2075 855 2138 libraverit
876 2096 950 2140 axe.

273 2179 336 2242 Sed
358 2197 454 2262 quom
476 2198 529 2240 res
550 2177 711 2241 hominum
733 2189 819 2240 tanta
842 2176 975 2260 caligine
998 2177 1089 2241 volvi
1196 2227 1199 2236 .

229 2279 439 2362 Adspicerem
460 2280 626 2363 laetosque
648 2279 701 2341 diu
723 2279 842 2342 llorere
864 2291 1016 2344 nocentes

229 2380 415 2465 vexarique
436 2378 531 2465 pios,
555 2402 665 2444 rrrrsus
688 2381 844 2445 labefacta
868 2383 1002 2444 cadebat

228 2482 361 2566 Religio
383 2504 560 2567 causaeque
583 2483 666 2548 viam
689 2504 753 2548 non
775 2495 891 2565 sponte
913 2485 1071 2567 sequebar

229 2584 394 2663 Alterius,
419 2605 522 2650 vacuo
545 2606 626 2668 quae
649 2606 779 2650 currere
801 2585 919 2648 semina
942 2597 1031 2650 motu

227 2687 376 2752 Affirmat
398 2708 610 2772 magnumque
632 2708 733 2750 novas
755 2709 814 2770 per
836 2687 928 2750 inane
950 2687 1071 2770 figuras

227 2789 391 2865 Fortuna,
415 2810 489 2862 uon
503 2799 590 2864 arte,
614 2789 706 2872 regi:
732 2810 813 2874 quae
836 2789 961 2852 numina
984 2811 1078 2852 sensu

226 2891 390 2975 Ambiguo
414 2892 466 2956 vel
489 2889 574 2953 nulla
596 2901 687 2973 putat
711 2891 760 2952 vel
783 2889 886 2953 nescia
911 2891 1026 2955 nostri.

266 2991 413 3058 Abstulit
434 2994 520 3060 huuc
542 2995 667 3056 tandem
691 2992 800 3070 Rufini
822 3014 925 3074 poena
949 2995 1117 3058 tumultum
1309 3002 1351 3063 20

224 3093 442 3180 Absolvitque
465 3097 556 3158 deos.
601 3095 669 3156 Iam
692 3116 756 3158 non
779 3097 818 3158 ad
840 3095 973 3158 culmina
996 3117 1103 3160 rrmun

224 3193 365 3260 Iniustos
387 3195 530 3260 crevisse
553 3218 693 3281 queror:
718 3198 877 3261 tolluntur
897 3196 929 3260 in
952 3199 1048 3262 altum

224 3299 270 3366 Ut
290 3298 383 3383 lapsu
406 3297 559 3384 graviore
581 3310 687 3364 ruant.
710 3332 751 3344 -·

660 3442 710 3505 11.
733 3440 909 3526 Elysium.

140 3615 144 3621 .
223 3552 404 3630 (Pouroao
416 3551 674 3615 Pnosnurruau:
693 3552 1032 3619 naRarruPnoseurt
1050 3554 1142 3619 ΠΝ.
1155 3556 1346 3639 tlt-306.)

264 3661 383 3726 Desine
405 3660 538 3725 funestis
561 3662 721 3737 animum,
747 3663 963 3746 Proserpina,
989 3665 1075 3729 curis

90 3799 92 3804 ·
221 3765 268 3827 Et
289 3784 373 3827 vano
399 3785 518 3827 vexare
541 3776 638 3828 metu.
685 3766 815 3830 Maiora
838 3767 997 3831 dabuntur

222 3867 356 3946 Sceptra
379 3887 440 3928 uec
461 3865 586 3950 indigni
609 3871 720 3930 taedas
742 3867 864 3949 patiere
887 3869 1005 3933 mariti.
1122 3937 1125 3942 ,

222 3965 283 4029 llle
305 3986 369 4050 ego
392 3967 520 4031 Saturni
543 3970 671 4050 proles,
697 3969 749 4031 cui
771 3970 915 4034 machina
938 3991 1045 4035 rcrruu
1281 3979 1346 4043 280
1449 3991 1450 4034 l

222 4066 331 4129 Servit
351 4079 382 4129 et
403 4069 587 4132 immensum
610 4071 709 4134 tendit
730 4091 790 4152 per
813 4072 903 4136 inane
926 4085 1081 4155 potestas.
1449 4035 1450 4097 i

222 4167 384 4231 Amissum
407 4191 444 4232 ne
467 4158 561 4233 credo
584 4171 679 4235 diem.
726 4175 806 4237 Sunt
829 4175 927 4238 altera
951 4175 1044 4239 nobis

224 4269 353 4342 Sidera,
378 4282 451 4332 sunt
474 4275 571 4334 orbes
596 4273 662 4346 alii3
687 4275 853 4358 lumenque
877 4277 999 4341 videbis
