2952 4826
216 169 257 232 88

215 327 286 390 Nec
304 311 402 389 nimio
424 322 533 410 rigida
554 333 630 408 post
650 333 737 386 artus
759 332 865 388 morte
884 320 1049 396 iacebant;

216 427 409 511 Octavoque
427 425 497 490 fere
520 424 667 490 candenti
684 424 802 489 lumine
824 423 902 490 solis

218 533 286 593 Aut
308 527 401 591 etiam
424 549 509 592 noua
530 529 706 594 reddebant
727 527 872 608 lampade
891 525 1003 590 vitam.

282 631 428 711 Quorum
451 629 478 692 si
500 628 592 714 quis,
614 641 649 692 ut
667 640 732 706 est,
755 629 874 694 vitarat
893 628 1007 692 funera
1032 627 1088 690 leti

216 731 390 798 Ulceribus
412 729 503 796 tetris
526 743 557 796 et
576 731 670 816 nigra
690 731 841 822 proluvie
863 729 946 804 alvi,

216 833 387 899 Posterius
412 845 516 897 tamen
539 837 625 897 hunc
645 836 735 898 tabes
757 831 917 918 letumque
938 833 1096 894 manebat.

216 941 284 1001 Aut
304 935 396 999 etiam
423 936 538 999 multus
556 934 670 1017 capitis
694 956 764 998 cum
788 955 882 1017 saepe
906 933 1023 998 dolore

191 1077 193 1086 =
221 1036 405 1119 Corruptus
424 1037 552 1121 sanguis
574 1035 711 1119 expletis
732 1035 862 1100 naribus
884 1035 951 1100 ibat
959 1059 968 1110 ;

217 1141 294 1203 Huc
314 1138 453 1203 hominis
471 1151 558 1203 totae
575 1138 661 1202 vires
685 1159 869 1224 corpusque
887 1138 1019 1202 fluebat.

283 1240 486 1306 Profluvium
510 1263 613 1324 porro
636 1241 692 1327 qui
714 1239 790 1305 tetri
812 1237 974 1322 sanguinis
995 1261 1070 1302 acre

217 1342 369 1418 Exierat,
392 1355 496 1407 tamen
518 1343 551 1407 in
570 1365 689 1408 nervos
711 1342 787 1406 huic
808 1343 939 1404 morbus
962 1341 994 1404 et
1015 1351 1103 1404 artus

216 1446 289 1508 Ibat
310 1458 341 1508 et
362 1445 394 1508 in
416 1447 536 1528 parteis
560 1444 725 1530 genitaleis
746 1442 898 1527 corporis
920 1441 1018 1526 ipsas.

219 1550 263 1612 Et
284 1547 427 1632 graviter
447 1547 565 1631 partim
587 1558 759 1611 metuentes
781 1547 893 1610 limina
911 1543 967 1606 leti

190 1639 192 1648 ’
219 1650 403 1725 vivebant,
426 1650 518 1712 ferro
541 1647 681 1730 privatei
703 1661 795 1731 parte
818 1647 925 1724 virili;

129 1761 131 1764 ’
214 1754 259 1814 Et
275 1751 420 1814 manibus
442 1750 510 1812 sine
527 1750 691 1814 nonbullei
713 1749 911 1835 pedibusque
934 1753 1102 1814 manebant

215 1855 255 1918 ln
280 1847 473 1916 vita‘tamen
493 1863 524 1914 et
545 1855 723 1933 perdebant
741 1851 860 1916 lumina
880 1853 1017 1934 partim3

214 1956 325 2040 Usque
347 1958 428 2020 adeo
451 1955 565 2019 mortis
589 1950 688 2018 metus
710 1953 760 2017 his
780 1955 957 2019 incusserat
976 1976 1069 2018 acer:

217 2060 326 2142 Atque
348 2057 442 2120 etiam
467 2059 622 2142 quosdam
646 2079 761 2139 cepere
780 2057 902 2121 oblivia
925 2078 1033 2120 rerum

216 2159 429 2235 Cunctarum,
452 2181 553 2244 neque
580 2179 613 2223 se
633 2170 766 2241 possent
784 2180 984 2243 cognoscere
1007 2168 1042 2220 ut
1063 2157 1157 2239 ipsei.

280 2262 450 2346 Multaque
472 2260 560 2324 humi
578 2282 675 2346 quom
698 2260 858 2323 inhumata
880 2260 1024 2324 iacerent
1045 2264 1187 2342 corpora
1210 2283 1307 2343 supra

220 2362 445 2446 Corporibus,
468 2374 572 2426 tamen
596 2362 725 2425 alituum
750 2384 848 2446 genus
868 2373 962 2448 atque
984 2361 1127 2425 ferarum
1256 2366 1342 2429 1215
1422 2441 1427 2451 ι

217 2469 285 2530 Aut
307 2466 423 2548 procul
444 2464 627 2539 absiliebat,
652 2476 686 2526 ut
709 2487 814 2528 acrem
837 2463 941 2529 exiret
965 2469 1117 2539 odorem3

218 2572 304 2644 Aut,
329 2566 385 2631 ubi
406 2578 567 2652 gustarat,
592 2567 764 2652 languebat
787 2577 891 2632 morte
914 2567 1112 2653 propinqua.

281 2673 352 2734 Neo
375 2681 479 2733 tamen
504 2669 634 2735 omuino
657 2681 776 2733 temere
794 2669 869 2733 ollis
889 2671 1012 2734 solibus
1033 2670 1097 2732 ulla

219 2771 438 2854 Comparebat
457 2771 525 2835 avis
546 2794 606 2848 nec
628 2771 732 2834 tristia
754 2772 839 2834 secla
860 2772 1002 2834 ferarum

184 2865 185 2870 ἵ
217 2874 362 2938 Exibunt
383 2873 493 2938 silvis:
517 2873 710 2958 languebant
731 2871 884 2958 pleraque
908 2877 1024 2940 morbo
1258 2878 1342 2940 1220
1433 2945 1439 2966 Δ,

273 3055 352 3102 1125.“
362 3058 398 3100 lta
408 3056 483 3102 Codd.
492 3057 609 3112 plerique.
624 3055 663 3109 (G.
672 3055 702 3099 E.
713 3055 754 3110 Z.)
766 3057 826 3100 Edd.
835 3061 893 3104 vett.
906 3080 938 3090 -
944 3059 1072 3114 prostrati
1086 3059 1127 3101 ulii
1140 3059 1216 3103 Codri.
1227 3060 1258 3104 Α.
1277 3063 1339 3106 unde

213 3132 272 3186 post
284 3127 361 3170 atrati
372 3126 402 3169 L.
419 3127 449 3169 Η.
462 3125 556 3169 Nobbe.
597 3122 672 3170 1199.
695 3123 825 3170 Ulceribus
840 3125 869 3170 L.
882 3127 946 3170 coni.
961 3128 990 3174 Η,
1011 3146 1044 3156 -
1063 3125 1209 3172 Visceribus
1221 3129 1281 3174 Cdd.
1294 3131 1337 3174 W.

217 3199 246 3242 F.
268 3197 314 3240 Sed
332 3196 373 3239 illo
385 3195 460 3239 Lucu.
475 3194 595 3249 expressit
609 3195 736 3239 tuaniiesto
747 3197 854 3244 l'hucrd.
865 3195 893 3239 C.
902 3193 943 3240 49.
964 3191 1115 3256 §iadorae
1127 3194 1251 3266 ἰσχυρᾶς
1262 3192 1340 3262 αὐτῇ

217 3261 269 3335 (τῇ
286 3259 399 3330 κοιλίᾳ)
418 3262 580 3328 γενομένης
590 3274 599 3291 ¹*
617 3264 639 3308 id
657 3267 718 3322 quod
735 3265 874 3310 visceribus
889 3265 963 3308 tetris
979 3263 1115 3323 significare
1132 3269 1222 3322 nequit.
1240 3289 1269 3299 -
1289 3250 1340 3321 (ni-

216 3337 262 3396 gri
274 3361 283 3370 ·
297 3359 306 3370 ·
319 3335 369 3376 ulei
387 3335 429 3378 W.
447 3335 510 3378 coni.
533 3333 604 3376 ulons
623 3337 683 3389 apud
697 3337 806 3392 antiquos
819 3349 873 3393 gen.
888 3347 962 3390 masc.
981 3335 1141 3388 usurpabatur
1152 3336 1297 3381 teslePrisc.
1312 3335 1336 3382 5.

216 3399 316 3461 poet.
336 3400 380 3459 P.)
418 3401 494 3448 1201.
514 3403 682 3452 multosscntt.
724 3403 799 3449 1202.
821 3406 856 3447 lta
868 3403 1016 3461 Cotidlldd.
1032 3408 1088 3448 vett.
1102 3406 1188 3450 And.
1212 3407 1340 3463 -plenie

217 3489 251 3519 ea:
267 3475 296 3518 L.
309 3475 338 3517 ll.
351 3473 413 3517 Nob.
459 3469 535 3519 1203.
555 3470 688 3517 taciem
708 3473 998 3535 etoitufluebutBeutl.
1047 3471 1123 3518 1211,
1144 3473 1287 3519 incesseret
1310 3477 1338 3520 L.

216 3545 359 3596 neumate,
391 3544 435 3587 etsi
455 3547 539 3588 contra
558 3535 629 3586 Cdd.¹
657 3542 804 3586 Incttsserut
822 3545 940 3596 explicant
958 3556 1003 3595 „ss
1022 3543 1194 3596 incusserat”,
1226 3549 1251 3588 ut
1270 3558 1340 3600 prae-

217 3619 303 3659 ssrtnn
320 3613 453 3657 insinuare
472 3613 543 3656 etiam
562 3613 622 3666 apud
642 3612 694 3655 Cic.
714 3611 835 3666 reperitur
854 3625 897 3665 pro
916 3625 943 3653 ae
963 3612 1107 3656 insinuare.
1154 3610 1230 3657 1214.
1251 3620 1340 3670 coeptu

217 3684 301 3728 lleins.
341 3680 417 3728 1219·
432 3681 607 3725 tristionititur
619 3681 761 3723 auctoritate
774 3681 892 3724 Macrobii
904 3681 979 3725 etEt.
989 3682 1057 3724 Bria.
1067 3683 1111 3726 Ar.
1122 3682 1151 3726 Α.
1169 3703 1198 3714 ·-
1211 3683 1271 3726 Ctid.
1281 3685 1338 3741 utiq.

216 3753 297 3805 ertio,
318 3751 414 3805 noetio,
434 3752 527 3794 noetio.
547 3749 657 3806 Languet
673 3749 795 3808 Rutgersii
818 3751 880 3794 coni.
895 3763 909 3792 u
923 3751 964 3793 W.
981 3751 1092 3795 etForb.
1115 3756 1226 3806 recepta:
1247 3754 1338 3796 noxia.
1373 3786 1376 3795 .

217 3845 251 3855 -
263 3822 369 3864 noctibu’
379 3822 408 3864 L.
419 3821 446 3864 ll.
454 3820 547 3864 Eicbst.
560 3819 621 3866 Nob.
629 3823 726 3875 propter
740 3819 836 3862 nimiam
844 3819 981 3864 facilitatem
990 3825 1055 3864 caret
1062 3821 1231 3875 probabilitate
1242 3833 1248 3878 ;
1264 3835 1340 3880 neque

217 3892 296 3946 placet
315 3891 438 3934 antithesis
457 3891 519 3934 ista:
546 3888 657 3941 solibus,
677 3887 807 3943 noctibus,
828 3903 913 3946 quam,
933 3890 953 3933 si
973 3891 1067 3934 sincere
1084 3895 1162 3943 esset,
1185 3892 1343 3936 librariorum

217 3960 258 4002 uix
273 3959 335 4002 ullus
354 3965 487 4003 mutaturus
506 3959 599 4002 fuisset.
622 3955 677 4015 [Cd.
690 3959 718 4002 C.
733 3959 818 4005 habet:
840 3959 894 4002 uois
910 3955 1141 4018 necsortiaseclu.
1162 3959 1207 4004 Cd.
1220 3959 1266 4005 E.:
1287 3961 1342 4004 oris

218 4028 300 4072 nectiu
319 4029 405 4080 seclu;
424 4031 448 4071 in
467 4028 589 4086 margine:
611 4041 675 4081 „nec
692 4028 795 4088 tristia,
815 4029 898 4084 puto.’'
918 4028 962 4073 Cd.
975 4030 1005 4073 Z.
1025 4041 1070 4072 nec
1086 4030 1162 4073 etiam
1180 4031 1268 4083 eeclu;
1286 4043 1342 4074 voc.

218 4098 294 4141 etium
307 4111 320 4138 a
334 4109 384 4141 sec.
398 4111 468 4140 triano
484 4110 606 4151 superscr.
623 4097 703 4141 nortia
710 4110 721 4150 ;
739 4098 784 4143 hoc
801 4100 905 4143 deletum
918 4103 941 4142 et
954 4113 967 4142 a
982 4099 1051 4142 tertia
1063 4112 1095 4144 m.
1111 4113 1232 4154 superscr.
1244 4098 1341 4144 tristia.

219 4165 339 4211 Macrobii
359 4168 490 4212 auctoritas
507 4180 564 4210 sanc
583 4179 634 4210 rem
653 4165 768 4226 coniicit]
824 4165 900 4212 1222.
922 4167 1072 4227 uagrellav.
1087 4168 1129 4212 W.
1153 4168 1288 4215 Firrnatll.
1310 4193 1343 4202 -
1399 4205 1401 4210 ,

223 4249 330 4297 aegram
343 4237 387 4284 Cd.
404 4236 434 4280 Z.
445 4235 474 4279 L.
488 4234 582 4279 Nobbe.
628 4233 703 4281 1226.
723 4238 801 4282 utic.
817 4238 846 4282 Z.
863 4236 1029 4283 Attienus.
1053 4259 1082 4270 -
1103 4237 1341 4283 atttE.Edt.vett.
