2964 4814
219 194 282 260 120

218 309 290 415 Nec
311 345 339 410 si
363 366 412 409 me
432 338 557 406 infestis
578 337 761 419 discerpent
783 333 887 399 sidera
912 333 1021 410 dictis,

284 445 425 512 Condita
446 441 522 528 quin
543 438 613 504 veri
634 433 779 520 pectoris
799 436 992 514 evoluamz)

219 549 296 614 Non
318 547 369 612 his
388 558 452 608 tam
474 544 578 606 laetor
598 541 710 614 rebus,
734 557 827 621 quam
849 557 898 600 mc
919 535 1034 600 abfore
1056 557 1198 619 semper,
1301 537 1382 598 75.
1464 613 1465 630 ,

280 648 410 712 Abiore
430 666 479 708 me
501 665 519 705 a
542 639 687 706 dominae
711 637 832 702 vertice
853 635 1055 700 discrucior:

123 751 128 768 “
220 752 358 834 Quicum
379 767 460 831 ego,
486 747 558 806 dmn
581 741 677 824 virgo
700 741 861 824 quondam
881 737 942 800 fuit
960 736 1107 802 omnibus
1131 760 1266 821 expers,
1297 743 1301 751 '

283 846 447 932 Unguenti
467 844 494 908 ei
515 829 576 906 rina
597 841 684 904 milia
706 841 802 904 multa
823 839 912 916 bibi,

220 955 315 1016 Nune
337 970 414 1022 vos,
438 955 551 1028 optato
574 964 653 1030 quas
671 940 775 1005 iunxit
799 940 917 1004 lumine
939 943 1049 1016 taeda,

284 1053 360 1116 Non
381 1058 455 1130 post
476 1044 631 1108 unanimis
654 1063 797 1124 corpora
816 1041 1008 1126 coniugibus

222 1151 357 1220 Tradite
377 1152 531 1211 nudantes
551 1145 670 1208 reiecta
692 1154 780 1206 veste
802 1143 955 1226 papillas,

284 1249 371 1334 Quin
391 1249 528 1313 iucunde
550 1245 628 1308 mihi
649 1263 779 1308 munera
799 1243 879 1307 libet
901 1265 1007 1324 onyx,

275 1477 317 1526 13.
336 1489 381 1523 nse
399 1476 484 1523 Volet.
507 1475 556 1519 i'es
577 1475 606 1516 ed
626 1473 709 1516 lieret.
730 1473 801 1517 Tem.
816 1471 841 1520 2,
856 1485 909 1530 ρας.
923 1468 982 1518 ³2⁰.
997 1485 1009 1516 e
1026 1472 1101 1516 Codd.
1125 1493 1153 1506 -·
1174 1475 1338 1531 nonretiqnt.

222 1549 258 1598 lb.
276 1547 378 1594 dextris
393 1546 473 1589 Bentl.
495 1543 557 1587 coni.
579 1542 665 1588 Volcis.
693 1540 787 1594 „dictis
815 1541 919 1598 aliquem
944 1541 1038 1584 infestis
1061 1546 1161 1597 petere,
1192 1542 1342 1598 corripere,

152 1641 156 1649 ·
222 1617 336 1662 mordere
354 1616 400 1658 dici
419 1613 542 1657 commode
561 1611 655 1664 potuit;
680 1610 761 1652 nescio
780 1623 809 1652 nn
829 1612 899 1654 etiem
917 1607 1089 1666 discerpere.''
1109 1612 1193 1654 Vntclt.
1222 1609 1342 1654 110111111-

221 1688 319 1731 bitsre:
351 1684 449 1726 Sallust.
466 1681 517 1736 lug.
539 1675 580 1725 85.
606 1691 681 1736 quiem
703 1691 741 1720 mr
765 1690 852 1736 rosque
870 1677 1012 1721 maledictis
1030 1679 1158 1732 lucerent,·
1187 1682 1210 1722 et
1228 1680 1344 1724 convicio

218 1750 400 1812 praecindere,
420 1749 457 1792 rel
474 1745 614 1801 simpliciter
630 1745 794 1802 proscindere
813 1747 857 1788 boe
876 1747 960 1790 eodem
979 1745 1112 1803 significatu
1132 1748 1271 1792 trslstitiom
1290 1753 1338 1792 est.

222 1843 255 1856 ·-
274 1821 418 1875 discerpent
436 1817 487 1860 dedi
506 1829 559 1860 cnm
578 1814 674 1857 boehm.
697 1827 742 1868 pro
760 1814 915 1870 discerpunt.
973 1812 1014 1858 11.
1033 1816 1086 1857 reri
1105 1830 1117 1859 e
1140 1817 1215 1859 Codd.
1237 1819 1341 1870 praetuli

222 1905 275 1936 eum
292 1889 379 1932 Volet.
399 1891 423 1930 et
441 1886 513 1929 Fosc.
525 1907 557 1918 -
575 1883 627 1926 ueri
641 1883 754 1938 pectoris
774 1889 810 1928 est
828 1883 943 1937 simplicis
960 1888 1030 1940 etque
1049 1885 1135 1937 sperit.
1155 1889 1200 1936 „ut
1218 1898 1246 1926 ex
1265 1885 1342 1928 enimi

223 1959 339 2002 sententie
359 1954 483 2011 eloqunr.'’
502 1975 535 1986 —·
554 1953 621 1995 cerei
639 1952 737 2004 eodem,
759 1954 845 2006 credo,
867 1949 998 2008 significatu
1012 1952 1110 1995 Iseclrm.
1143 1953 1342 1998 Curuutemhoc

223 2030 276 2070 loco
296 2027 340 2068 iste
360 2024 437 2066 forme
454 2023 600 2072 retinentur,
621 2033 667 2062 non
686 2020 764 2064 video.
785 2043 818 2052 -
836 2033 891 2063 oere
907 2019 1003 2072 Ceteri,
1018 2021 1089 2064 etiem
1102 2022 1150 2065 i'ee
1165 2023 1181 2064 Ι.
1197 2023 1213 2064 Ι.
1228 2022 1339 2079 etSillig.

223 2093 265 2140 17.
285 2093 343 2137 dnum
356 2090 450 2134 firmant
462 2090 537 2134 Codd.
551 2089 667 2144 plerique.
688 2111 721 2120 -
740 2103 814 2147 quum
830 2090 894 2132 Scol.
914 2091 987 2132 Voss.
1003 2091 1074 2142 Vulp.
1094 2090 1250 2146 Reliquorum
1268 2093 1341 2134 lectio

147 2191 149 2204 ,
221 2163 383 2208 incertissima
400 2166 446 2203 est.
485 2159 520 2200 lb.
539 2157 616 2200 Codd.
635 2155 860 2213 omnibueexpcre
883 2156 1021 2215 Unguentis
1040 2171 1090 2200 unu
1111 2159 1185 2213 (uiros
1204 2159 1338 2206 DetiCod.

221 2232 284 2282 cini)
301 2230 383 2274 millio
401 2229 479 2271 multu
498 2226 557 2272 bibi.
589 2225 639 2268 Pro
657 2238 722 2277 unu,
751 2227 849 2268 crocini
869 2225 951 2270 ileins.
972 2239 1073 2268 murrue
1089 2240 1109 2269 s.
1123 2224 1245 2284 myrrbue
1263 2230 1340 2271 Voss.

223 2313 294 2357 quem
312 2299 396 2342 deinde
415 2309 497 2340 omnes
510 2295 584 2338 secuti
598 2299 669 2347 sunt,
690 2294 858 2338 etismtlulels.
875 2295 946 2338 Fosc.
972 2293 1203 2349 Explicantentem:
1225 2295 1341 2340 Omnium

223 2372 397 2424 unguentorum
421 2365 502 2408 multis
526 2377 555 2407 cx
578 2363 655 2406 suecis
681 2363 870 2416 cornpositormn
891 2375 992 2416 expers,
1021 2363 1122 2418 simplici
1142 2365 1237 2418 myrrho
1257 2366 1341 2422 iniungi

222 2436 338 2481 solebam.
359 2435 433 2488 (Plio.
449 2434 478 2476 ll.
493 2431 523 2476 N.
541 2427 587 2482 13,
604 2430 627 2474 1.
646 2427 758 2488 Myrrha
777 2436 799 2473 et
814 2445 862 2487 per
875 2443 902 2473 se
916 2437 1067 2488 unguentum
1078 2428 1157 2486 fucit,
1178 2439 1257 2476 etucte
1269 2433 1341 2476 durn-

157 2537 158 2542 ,
222 2508 319 2556 tusus.)
337 2505 387 2546 llos
407 2515 476 2558 quum
496 2501 634 2557 quibusdam
660 2501 746 2542 mirum
772 2500 902 2552 rideretur,
922 2502 1013 2557 regium
1033 2502 1164 2557 virguiem,
1193 2505 1340 2558 eandemque

222 2587 252 2619 es
269 2574 464 2617 Ptolemaeorum
483 2573 557 2622 stirpe
577 2572 731 2626 prognatum,
752 2581 797 2611 utre
816 2569 912 2618 myrrho
930 2574 1079 2623 contentam,
1100 2571 1279 2614 delicatioribus
1297 2586 1337 2614 un·

221 2643 315 2700 fluentis
334 2639 493 2690 abstinuisse,
513 2651 541 2680 eo
556 2637 687 2688 devenere,
709 2642 733 2679 ut
754 2638 828 2680 tribus
847 2638 870 2680 in
890 2637 964 2700 locis,
985 2631 1037 2690 hle,
1059 2639 1142 2681 iiornt.
1155 2639 1205 2682 Set.
1215 2637 1240 2692 2,
1255 2637 1279 2691 8,
1296 2637 1336 2684 15.

221 2712 291 2756 Pers.
309 2707 337 2762 6,
360 2705 401 2752 39.
424 2707 471 2752 edi.
494 2719 586 2761 expers
614 2707 735 2748 contencio
759 2719 830 2750 sensu
856 2719 899 2760 pro
920 2706 1047 2762 participe
1067 2708 1177 2760 usurpari
1195 2712 1338 2751 statuerent.

222 2794 244 2824 v.
265 2794 287 2822 c.
307 2777 383 2821 Menti
402 2776 432 2818 ed
452 2774 529 2818 Persii
551 2778 568 2820 l.
588 2775 605 2817 l.
625 2797 658 2806 -
676 2788 787 2830 expersus
808 2775 891 2818 Heius.
912 2795 944 2806 ·-·
962 2775 1068 2830 explens
1089 2776 1163 2818 Doer.
1184 2799 1216 2809 ·-
1236 2776 1339 2832 expletur

221 2848 322 2898 Persei,
343 2845 446 2895 Coloni,
469 2843 582 2886 Minturni
598 2848 723 2896 excerpto,
744 2845 767 2885 rd
786 2847 830 2896 est,
851 2847 1002 2886 correctores
1022 2844 1091 2897 ltnli,
1111 2857 1171 2900 quos
1188 2850 1284 2889 secutus
1302 2849 1339 2886 est

221 2917 307 2960 Veluti.
342 2914 388 2956 sed
413 2913 457 2955 hec
481 2913 504 2953 in
524 2911 600 2968 elegis
619 2915 688 2953 mmrs
706 2911 805 2953 offendit
823 2923 905 2953 versus
924 2911 1075 2965 hypermeter
1093 2913 1245 2956 durissimus.
1283 2911 1338 2954 Alie

223 2985 286 3028 enim
305 2987 341 3025 est
359 2980 422 3024 retio
441 2993 542 3032 cossim,
572 2979 611 3034 qui
635 2979 658 3020 io
683 2992 727 3034 qus
751 2983 851 3022 exeunt.¹
884 2978 966 3033 Epith.
981 2978 1108 3030 retest.
1128 2980 1210 3024 Cerm.
1227 2977 1290 3034 115,
1312 2978 1335 3024 5.

222 3052 326 3109 Elegens
354 3050 453 3104 denique
482 3052 531 3100 est,
560 3049 601 3089 scd
630 3048 693 3088 oinni
721 3046 890 3100 probabilitate
920 3047 1030 3092 destitute
1054 3050 1136 3092 Aurnti
1163 3051 1283 3102 suspicio:
1307 3069 1335 3080 -

176 3109 178 3114 ¹
222 3120 314 3164 ominis
333 3130 426 3172 expers
447 3114 572 3173 Unguenti
588 3113 693 3172 Assyrii
710 3115 791 3157 millio
810 3117 888 3158 multu
906 3116 965 3159 bibi.
995 3116 1085 3160 Novom
1106 3118 1245 3160 emendandi
1263 3119 1338 3160 retio-

222 3202 277 3233 nem
296 3187 415 3244 suggessit
431 3185 489 3227 mihi
507 3185 641 3226 Athenaeus
657 3181 702 3235 15,
726 3182 765 3226 12.
780 3197 803 3238 p.
822 3182 880 3228 689.
897 3186 1030 3241 Schweigh.
1052 3177 1169 3247 ἤκμασε
1187 3183 1218 3234 δὲ
1234 3185 1285 3232 καὶ
1301 3181 1338 3233 τὰ

222 3253 254 3304 ἐν
268 3248 461 3321 Ἀλεξανδρείᾳ
479 3246 590 3317 (μύρα)
605 3245 653 3298 διὰ
672 3238 800 3299 uiuidior
829 3251 879 3300 uui
897 3249 944 3300 dini
971 3251 1025 3314 τὴν
1048 3247 1197 3321 Ἀρσινόης
1213 3253 1264 3302 καὶ
1284 3241 1338 3302 Βε-

223 3322 339 3392 ρενίκης
358 3318 498 3382 σπουδήν.
534 3314 666 3382 Ἐγίνετο
683 3317 713 3366 db
735 3319 785 3368 καὶ
802 3318 832 3368 ἐν
845 3318 965 3389 Κυρήνῃ
984 3315 1104 3390 ῥόδινον
1122 3320 1338 3388 χρηστότατον,

221 3388 287 3439 καθ’
305 3385 341 3439 ὃν
361 3387 472 3458 χρόνον
493 3381 544 3451 ἔζη
568 3385 707 3455 Βερενίκη
729 3383 747 3450 ἡ
773 3385 902 3452 μεγάλη,
931 3393 966 3432 vet
989 3392 1067 3444 potius
1087 3382 1106 3452 ἡ
1125 3388 1232 3453 Μάγα,
1261 3405 1346 3447 quoe,-

221 3465 339 3518 ntcuuque
371 3461 452 3515 legunt
474 3457 573 3509 Critici,
600 3463 681 3500 nostru
707 3463 753 3501 est.
807 3457 908 3502 rhodini
936 3471 1008 3518 crgo,
1039 3465 1144 3502 nostrum
1175 3462 1338 3504 coniecturam

222 3530 356 3572 Vossienne
376 3527 557 3579 substituimus,
579 3530 602 3569 ut
621 3540 687 3569 corne
708 3526 752 3569 hoc
771 3527 848 3570 dicat:
870 3528 979 3570 omuibus
998 3529 1052 3571 eliis
1072 3530 1198 3586 unguentis
1217 3528 1338 3580 posthabi-

221 3600 267 3651 tis,
298 3611 344 3641 uno
370 3597 470 3638 rhodino
494 3609 516 3639 s.
536 3608 636 3638 rosoreo
662 3594 822 3648 perfundebar
841 3595 956 3649 Cyrenis,
989 3598 1043 3638 dum
1062 3599 1129 3653 virgo
1149 3598 1194 3640 tuit
1211 3597 1336 3642 Berenice.

220 3663 256 3699 '—
274 3667 337 3710 ilaec
360 3666 504 3718 scripseram
531 3664 554 3706 in
572 3663 617 3706 Ed.
641 3676 679 3715 pr.
701 3665 779 3719 itaque
794 3665 928 3708 edideram:
961 3663 1064 3723 (lur'cum
1090 3679 1151 3724 ego,
1184 3665 1243 3708 diurn
1267 3666 1339 3723 uirgo

222 3733 346 3792 quondum
356 3729 425 3789 fuit,
446 3730 560 3784 omnibus
580 3743 674 3785 expers
701 3729 858 3789 Unguentis,
883 3730 985 3775 rhodini
1003 3734 1075 3776 milia
1093 3736 1171 3778 rnrrltu
1191 3733 1250 3777 bibi.
1272 3734 1338 3777 Nunc

222 3803 309 3846 melior
327 3801 451 3845 ridebatur
470 3799 614 3842 Lechrnenni
633 3804 656 3842 et
674 3800 716 3842 Br.
737 3800 813 3851 telio,
834 3814 903 3855 qriom
923 3802 1026 3844 exhibui.
1056 3803 1105 3844 lam
1119 3805 1138 3846 si
1152 3804 1270 3860 iungimus
1285 3815 1338 3845 curn

223 3871 276 3914 8111.
291 3870 425 3913 ethcbm.
444 3866 502 3910 darm
521 3868 593 3926 rirgo
611 3867 734 3924 quondum
747 3865 802 3925 suit
821 3868 934 3911 omnibus
953 3882 1047 3926 expers
1065 3872 1162 3915 minime
1181 3873 1337 3925 supplendum

223 3943 270 3982 emt
285 3924 375 3989 inuiis,
402 3937 600 3992 quernudmodum
618 3936 669 3980 fore
689 3938 738 3979 vult
756 3937 825 3988 Sill.,
852 3943 882 3979 rto
903 3937 1086 3991 interpretetus:
1107 3940 1256 3992 „Berenicen
1277 3945 1341 3982 treu-

223 4006 297 4062 qnille
315 4005 401 4054 ritem,
423 4004 486 4046 nulle
498 4017 524 4046 re
539 4006 656 4046 turbatam
670 4006 749 4062 egisse
757 4005 785 4048 '':
805 4008 846 4048 sed
860 4007 906 4049 erit
920 4006 1033 4050 omnibus
1046 4007 1104 4048 viris
1117 4021 1226 4062 expers,
1247 4001 1342 4054 ἀταύ-

242 4085 325 4131 ωτος.
353 4072 439 4129 (811115
456 4072 543 4116 edidit:
565 4070 751 4131 Unguento-um
770 4086 820 4116 nunu
842 4073 1082 4127 miliumultubibi,
1104 4075 1218 4128 probante
1232 4076 1341 4119 Censore

223 4088 340 4195 bunensi.)
378 4137 420 4184 79.
439 4137 512 4197 quus]
536 4141 621 4185 Vulck.
643 4143 714 4184 Fosc.
739 4142 791 4184 8111.
816 4142 917 4185 eCodd.
941 4148 964 4186 et
980 4143 1040 4186 Edd.
1056 4147 1112 4186 vett.
1133 4167 1165 4176 -
1185 4157 1246 4200 quoe
1263 4143 1340 4199 ereg.

221 4207 319 4266 (Voss)
339 4229 368 4241 -
389 4223 459 4266 quern
477 4208 534 4266 (Ed.
549 4211 599 4264 pr.)
628 4231 657 4241 -
684 4222 758 4266 quum
776 4207 903 4264 (Corrnd.)
930 4231 958 4242 -
978 4209 1050 4256 Nune
1059 4242 1065 4264 ,
1085 4223 1127 4254 ros
1143 4217 1225 4268 optuto
1238 4225 1310 4270 quum
1320 4211 1340 4253 i.
