2948 4820
127 395 291 458 Sermonis
313 394 461 467 facilem,
486 394 608 475 qrntem
635 393 702 456 volt
725 393 846 470 lalutla,
873 397 1000 458 (luctum

187 497 297 558 Gratia
322 495 451 558 donavit
474 495 577 568 trina,
604 497 806 570 Menandre,
833 495 899 556 tibi.

125 601 320 679 Perpetuam
346 597 445 659 vives.
492 597 585 676 Quae
607 599 697 659 dete
720 597 824 680 surgit
848 595 982 660 Athenis

189 699 320 776 Gloria,
344 698 496 762 caelestes
521 697 604 761 venit
627 700 666 760 ad
689 719 788 780 usque
812 700 938 762 domos.

653 881 706 944 57.

126 1005 212 1068 Ecce
235 1012 421 1065 coronatum
446 1022 570 1082 semper
592 1011 706 1082 caput,
732 1023 807 1064 ecce
831 1004 1063 1080 Menandrum,

191 1104 256 1183 Qui
278 1104 370 1166 Siren
394 1123 545 1177 scaenae,
570 1123 702 1183 compar
726 1104 856 1166 Atrioris
880 1116 960 1167 erat.

126 1206 252 1268 Auctor
275 1225 407 1287 natuque
430 1205 539 1266 hilaris
564 1203 646 1265 vitae
669 1204 727 1266 l'uit
750 1203 843 1285 inque
867 1206 1024 1267 theatrum

189 1306 319 1368 Induait
342 1305 458 1386 Paphii
479 1305 618 1369 foederis
642 1327 734 1368 oume
757 1327 870 1388 genus.

551 1515 554 1522 ·
660 1491 711 1554 58.

127 1608 302 1675 Proximus
325 1610 375 1672 hic
398 1610 510 1673 merito
534 1601 616 1684 stas,
642 1612 736 1672 docte
761 1611 959 1686 Menander,
986 1609 1123 1673 Atnori:

189 1713 271 1772 Nam
295 1703 327 1772 tit
352 1722 452 1790 nrysta
473 1710 572 1772 sacris
597 1709 740 1772 dulcibus
763 1711 830 1773 cius
854 1731 938 1772 eras.

129 1811 273 1892 Quantus
297 1833 366 1873 curu
392 1800 520 1887 tuleris,
546 1813 597 1873 vel
621 1831 702 1872 ntiae
725 1823 773 1874 est
796 1813 939 1874 discere:
966 1834 1034 1873 narn
1062 1824 1109 1890 te,

190 1915 257 1978 Ora
281 1925 331 1976 tua
356 1916 406 1976 lric
428 1913 571 1997 qtrisquis
596 1913 773 1994 conspicit,
799 1913 899 1979 ottrnis
922 1915 1016 1977 arrrat'.

655 2099 707 2161 59.

128 2219 218 2284 Urbe
241 2228 313 2290 tua,
340 2209 477 2297 Sicyon,
504 2218 626 2299 lepidae
649 2231 817 2298 praecepta
844 2219 1000 2282 Camenae

192 2318 274 2382 Cutn
300 2320 433 2382 Bromio
457 2320 700 2382 ludens'Gratia
724 2331 811 2381 terna
837 2321 939 2394 dedit,

128 2419 226 2486 Risus
249 2441 377 2482 acrunen
401 2423 513 2494 habct;
537 2421 771 2504 castigeturque
793 2420 932 2484 iocando

190 2525 285 2598 Vita;
308 2525 412 2588 bonos
434 2543 541 2586 rnorcs
565 2523 650 2588 ebria
676 2527 768 2586 truba
792 2525 898 2586 docet.
997 2529 1000 2538 '

656 2707 709 2770 eu

125 2828 202 2891 Non
225 2826 317 2890 facile
340 2827 370 2889 in
393 2827 493 2890 lucem
518 2828 643 2902 venies,
668 2829 693 2890 si
717 2828 803 2890 forte
828 2839 947 2889 meatus

189 2929 360 3002 Incideris,
386 2940 494 2990 noster
519 2951 599 3012 quos
622 2931 817 3008 labyrinthus
841 2931 949 2991 habet.

126 3034 208 3094 Tam
231 3030 324 3094 tortis
349 3019 525 3094 Cassandra
550 3031 626 3092 fierit
647 3030 782 3093 fanatica
805 3031 932 3103 vorbis,
1024 3085 1029 3098 ,,

192 3134 282 3209 Quae
305 3133 436 3195 Priamo
460 3132 592 3194 memori
614 3135 740 3195 nuntius
764 3153 821 3195 ore
843 3132 956 3193 refert.

126 3233 162 3296 si
184 3233 241 3296 tibi
264 3232 412 3313 Calliope
437 3255 494 3296 cor
517 3234 648 3308 imbuit,
675 3233 801 3314 accipe:
826 3234 943 3295 Musae

190 3334 226 3398 Si
248 3335 335 3398 rudis
357 3356 410 3411 es,
435 3335 576 3398 inanibus
599 3357 662 3400 non
686 3334 745 3396 nisi
767 3335 892 3416 pondus
915 3334 1039 3398 habes.'

657 3521 711 3582 bl.

127 3639 315 3706 Callimachi
336 3662 462 3703 carmen
486 3651 570 3703 teres
594 3639 729 3721 aspicis:
755 3637 859 3701 onmia
883 3637 1002 3721 quippe

192 3742 255 3821 Qui
278 3763 367 3804 sacra
391 3744 559 3806 Musas-nm
583 3751 765 3805 commovet
789 3743 851 3804 hoc
873 3761 988 3819 opere.
1098 3747 1100 3751 ’

125 3845 188 3908 Est
211 3844 347 3906 Hecales
370 3843 462 3906 isthic
485 3825 553 3906 casa
577 3865 696 3924 parva,
721 3844 777 3904 sed
799 3841 925 3922 hospita
950 3839 1097 3916 Thesei,

192 3948 339 4008 Theseos
362 3956 394 4008 et
416 3948 531 4008 sudans
555 3944 584 4006 in
608 3945 805 4007 Marathone
828 3944 933 4005 labor.

124 4048 195 4112 Par
217 4049 336 4110 habeas
359 4059 439 4128 opto
460 4049 580 4121 robur,
605 4045 765 4109 Marcelle
774 4091 783 4120 ,
808 4044 975 4118 iuventae,

189 4149 302 4212 Laude
325 4170 383 4212 nce
407 4150 573 4233 omnigena
596 4147 636 4211 sit
658 4148 714 4210 tibi
738 4145 800 4210 vita
825 4145 941 4209 ruinor.
976 4171 980 4178 ·

170 4251 262 4306 nerag-e
276 4251 332 4292 raet.
347 4251 389 4293 tn.
992 4247 1031 4308 21
1060 4311 1062 4318 Ι
1087 4279 1090 4286 .
