2946 4816
127 351 238 436 Atque
260 349 329 415 aliis
351 350 442 416 telius
466 349 524 414 alia
547 348 661 416 editur.
705 351 751 415 At
774 348 847 414 milri
868 349 894 414 si
915 351 964 416 fas

193 453 352 516 Veridico
375 453 527 516 Phoebus
551 473 634 536 qnae
657 454 750 518 docet
773 473 831 516 ore
854 453 961 535 inquii:

125 553 201 638 lpse
222 565 337 636 potens
359 555 469 618 aetius
491 553 546 618 tibi
567 553 685 636 patria3
709 575 767 618 nec
790 553 847 617 tibi
869 565 968 632 mater

195 660 225 721 E
249 677 367 742 genere
389 659 545 746 humano,
568 658 625 722 sed
646 658 704 720 dea
728 656 892 740 Calliope.

132 935 244 1010 Unde,
269 933 342 1016 quid
365 933 496 997 adfertis
519 931 672 996 chartae?
707 932 817 996 Genus
839 931 923 996 acris
945 933 1080 999 Homeri

196 1037 268 1097 Nos
290 1053 416 1110 surmus,
440 1034 554 1104 Iliacas
576 1055 629 1099 res
651 1034 682 1097 in
706 1045 840 1118 utraque
863 1034 956 1119 legis.

131 1135 203 1199 Iras
226 1135 387 1199 Aeacidae
409 1135 493 1198 canit
515 1137 594 1200 haec
615 1135 822 1218 manibusque
850 1147 1014 1217 potentem

196 1239 339 1300 Hectora
361 1259 483 1320 perque
505 1257 604 1300 annos
627 1258 737 1319 aspera
760 1237 842 1300 belia
861 1223 994 1302 decem:

132 1339 276 1402 Errores
299 1339 415 1422 longos
438 1338 539 1402 Ithaci
563 1339 725 1423 viduoque
748 1339 844 1401 cubili

196 1440 256 1502 Illa
279 1441 378 1503 refert
400 1440 563 1516 lacrimas,
589 1441 792 1522 Penelopea,
815 1452 898 1506 tuas.

130 1541 244 1607 Viuite
267 1563 336 1604 crim
360 1541 485 1606 Musis!
511 1543 618 1622 Quom
642 1563 701 1606 vos
724 1543 872 1606 acceditis
895 1543 975 1620 iliis,

194 1642 333 1707 Aonium
356 1643 476 1706 faciurut
500 1665 558 1708 um
582 1647 755 1728 decemque
778 1643 936 1710 chorum,

675 1803 708 1867 9.

130 1919 191 1986 Ille
214 1919 303 2002 qiuis,
327 1919 442 1984 Iliacas
465 1919 594 2004 scripsit
617 1921 673 2007 qui
694 1921 833 1986 carmine
855 1945 980 2008 pugnas
1046 1944 1049 1949 ·

194 2023 263 2085 Aut
283 2022 388 2086 Ithaci
410 2025 542 2107 longum
566 2024 620 2108 qui
643 2024 817 2088 celebravit
839 2025 925 2088 iter?

129 2125 205 2187 Non
228 2144 341 2186 nomen
365 2135 504 2199 certum,
527 2146 589 2189 non
613 2125 717 2208 patria
738 2137 824 2188 certa
842 2148 850 2189 ι
868 2123 997 2190 tiurmne

194 2225 339 2310 luppiter
362 2238 431 2304 est,
455 2226 571 2290 samam
594 2227 684 2292 euius
706 2230 871 2292 Homerus
894 2231 1013 2296 habet?

660 2387 712 2450 10.

127 2503 372 2570 Andromaches
394 2517 545 2569 resonant
566 2504 660 2568 etiam
684 2527 767 2568 niuno
786 2507 968 2590 planctibus
991 2529 1102 2586 aines,

192 2607 335 2691 Ustaque
358 2609 396 2668 de
419 2617 506 2670 tanto
530 2607 664 2670 cuimine
687 2607 787 2672 Troia
810 2609 909 2684 eadit3

126 2707 344 2772 Dardanidum
367 2710 563 2771 sudanssnb
587 2708 708 2772 moenia
732 2711 873 2774 cernitur
895 2711 1002 2789 Aiax,

192 2812 330 2872 'l'ractns
352 2809 505 2873 Achilleis
529 2809 669 2873 cernitur
692 2813 819 2875 Hector
842 2813 949 2896 equis,

128 2908 278 2974 Carmine
302 2912 517 2987 Maeonidae,
543 2933 636 2996 quem
659 2934 723 2974 uon
745 2934 801 2976 sua
823 2915 925 2996 patria
948 2928 1086 2995 tantum,

191 3016 276 3078 'l'ota
299 3017 354 3077 sed
376 3014 618 3096 Einopannne
640 3015 726 3078 canit
748 3027 842 3099 atque
864 3017 959 3083 Asia.

660 3173 712 3237 11.

126 3289 190 3370 Qui
212 3288 325 3352 cecinit
347 3311 482 3372 superos
504 3293 716 3374 Heroumque
739 3294 844 3358 inclita
868 3307 976 3380 gesta,

192 3391 254 3471 Qui
276 3392 325 3454 sol
350 3391 566 3476 Graiugendm
590 3394 738 3478 gentiiaus
761 3397 841 3458 aiter
863 3411 950 3475 crat,

127 3493 278 3576 Ignarum
301 3493 396 3569 senii,
422 3495 592 3556 Musarum
616 3495 721 3558 iumen
745 3498 943 3576 Homerum,
993 3547 999 3556 ,

192 3595 239 3659 Os
262 3594 387 3671 iirrrndi,
412 3594 517 3658 forma
540 3596 644 3659 cernis
667 3597 697 3660 in
721 3599 907 3682 archetypa.

294 3779 405 3824 Undenas
424 3786 549 3824 annuerant
566 3781 647 3824 secuta
663 3779 786 3836 ,Pieridau

196 3844 238 3907 10]
258 3848 387 3892 Cunichius
406 3847 455 3894 sic:
698 3853 700 3858 '

264 3917 444 3962 Andromachae
463 3917 571 3961 audimus
589 3914 670 3960 fletum
689 3917 835 3976 Troiamque
853 3920 975 3976 ridemus,

298 3987 350 4031 Ceu
369 4001 477 4040 versam,
498 3990 618 4030 extreruos
637 3999 752 4032 corruere
771 3989 794 4032 iu
814 3990 928 4045 ciucres;

263 4055 294 4100 Et
313 4069 423 4114 teregnum
441 4055 522 4100 Aiacis
541 4067 666 4097 isaurorum
684 4058 713 4099 ad
732 4062 813 4112 saepta
834 4060 941 4103 laborem

298 4124 330 4167 Et
349 4130 449 4169 tractum
470 4123 605 4168 Haemoniis
624 4123 763 4170 Priamiden
782 4127 869 4186 biiugis

264 4193 406 4238 Maeonidae
426 4195 449 4238 in
469 4193 556 4241 tibris:
576 4206 612 4235 cur
632 4205 677 4236 troo
698 4195 755 4238 urbs
775 4209 838 4248 rana,
859 4197 900 4241 sed
919 4197 996 4241 otiaris

298 4263 376 4308 'derra
395 4265 463 4317 uiro,
484 4264 530 4308 inte
549 4275 621 4322 quarn
639 4266 721 4320 putet,
742 4269 779 4309 est
797 4265 882 4322 patria.

1224 2919 1243 2980 5
