2946 4816
110 391 240 458 Nobilis
262 389 314 454 ille
335 399 439 453 tamen
460 385 620 470 populus,
644 405 740 470 quern
763 381 922 458 diximus,
946 393 1063 467 etpan·

111 497 245 559 Virtute
267 504 363 578 atque
384 492 469 567 lide,
492 492 550 552 sed
571 487 674 552 maior
695 486 786 550 clade
809 487 987 569 saguntus,

113 598 194 662 Tale
216 594 293 678 qnid
313 603 457 662 exerrent.
501 588 670 656 Maeotide
692 587 822 652 saevior
844 610 899 652 ara

113 701 304 781 Aegyptus:
328 693 450 778 quippe
471 693 525 755 illa
548 689 677 756 nefandi
701 689 840 752 Taurica
864 686 949 756 sacri

112 797 283 862 Invenirix
306 795 470 872 homines,
494 805 528 856 nt
549 792 628 868 iam,
652 813 733 875 quae
756 790 895 854 earmina
920 792 1064 868 tradunt,

113 901 224 984 Digna
246 899 308 960 fide
330 898 460 971 credas,
482 905 604 958 tantuna
626 893 789 968 immolat,
814 891 947 956 ulterius
970 891 1013 954 nil

116 1003 185 1066 Aut
208 999 338 1085 gravius
361 999 467 1062 cultro
488 996 579 1060 timet
600 995 720 1060 hostia.
766 995 847 1075 Quis
869 997 966 1057 modo
989 1013 1082 1056 casus
1127 997 1128 1000 ’
1172 1033 1176 1040 -

115 1103 250 1185 Impulit
270 1100 356 1166 hos?
378 1119 459 1183 qnae
481 1109 565 1161 tanta
586 1097 687 1160 fames
709 1097 886 1181 infestaque
899 1097 997 1159 ¹vallo

114 1211 217 1272 Arma
240 1205 420 1287 coe'gernnt
442 1212 505 1264 tam
529 1199 716 1263 detestabile
739 1211 914 1262 monstrum

114 1305 275 1390 Augere?
299 1306 393 1369 Anne
415 1302 526 1379 aliam,
550 1312 636 1365 terra
660 1300 873 1388 Memphitide
894 1300 997 1376 sicca,

114 1410 274 1475 Invidiam
295 1408 440 1472 lacerent
460 1404 583 1471 nolenti
605 1425 742 1488 surgere
766 1402 869 1468 Nilo?
964 1433 965 1436 ¹
1033 1433 1035 1440 ·

117 1515 190 1594 Qua
213 1534 272 1576 nec
293 1509 453 1574 terribiles
466 1507 602 1575 ‘Cimbri
624 1527 684 1570 nee
706 1507 857 1570 Britones
879 1528 1016 1590 unquam

121 1615 395 1696 Sauromataeque
417 1623 524 1674 truces
547 1619 601 1673 aut
621 1609 773 1672 immanes
795 1608 994 1691 Agathyrsi,

115 1717 191 1779 Hae
213 1713 314 1778 saevit
336 1713 426 1776 rabie
445 1711 572 1775 imbelle
595 1721 627 1774 rt
648 1708 760 1775 inutile
783 1711 920 1792 volgus,

117 1817 262 1882 Parvula
284 1814 432 1901 fictilibus
454 1813 583 1877 solitum
605 1816 681 1876 dare
703 1812 774 1874 vela
797 1810 937 1892 phaselis

116 1920 162 1983 Et
184 1916 336 1979 brevibus
358 1917 462 1998 pictae
484 1914 580 1978 remis
601 1913 788 1978 incumbere
812 1925 924 1976 testae.

41 2069 45 2073 -
116 2023 190 2084 Nec
211 2037 347 2099 poenam
368 2015 484 2080 sceleri
504 2015 646 2079 invenies
669 2037 728 2078 nee
749 2015 845 2098 digna
868 2015 994 2096 'parabis

119 2119 282 2202 Supplicia
305 2117 353 2182 his
376 2118 525 2202 populis,
549 2118 582 2182 in
605 2139 741 2202 qnorum
766 2129 868 2180 niente
890 2137 985 2197 pares
1008 2128 1079 2178 strnt

119 2225 165 2288 Et
186 2221 303 2284 similes
325 2221 372 2283 ira
394 2232 491 2304 atque
511 2219 625 2283 fames.
671 2219 865 2283 Mollissima
888 2222 986 2282 corda
1018 2227 1021 2234 “

116 2327 270 2389 Humano
293 2321 405 2406 generi
427 2325 502 2385 dare
523 2342 558 2387 se
580 2322 704 2384 Natura
725 2322 864 2397 fatetur,

118 2427 211 2506 Quae
232 2423 377 2488 lacrimas
400 2423 506 2486 dedit:
532 2425 609 2484 haer
629 2422 734 2487 nostri
755 2437 831 2504 pars
854 2420 971 2504 optima
993 2443 1118 2487 sensus.

116 2529 257 2593 Plorare
280 2547 361 2610 ergo
383 2525 471 2588 inbet
492 2544 616 2588 causam
640 2524 771 2587 dicentis
794 2523 887 2587 antici

120 2630 376 2712 squaloremque
398 2625 465 2703 rei,
487 2625 643 2708 pupillum
665 2628 705 2688 ad
725 2626 795 2688 iura
819 2636 986 2690 vocantem
1179 2627 1242 2691 135

117 2729 464 2812 Circumscriptorem,
487 2726 576 2792 cultas
598 2726 755 2792 manantia
776 2727 855 2790 fletu
869 2731 883 2758 ’“

116 2931 214 2985 mines;
234 2930 288 2986 qnia
307 2929 330 2973 id
350 2929 439 2972 antuini
458 2928 517 2973 vitio
534 2932 644 2984 vertunt,
664 2929 688 2974 in
707 2929 782 2982 illos,
803 2929 944 2974 necessitate
962 2930 992 2973 nd
1005 2933 1112 2976 eatreana
1132 2935 1238 2990 coactos,

116 3000 285 3044 misericordia
302 2997 465 3043 alliciuntur?
502 2993 561 3042 12⁴.
579 2995 696 3043 Bistones
713 2998 745 3042 D.
761 3021 792 3032 -
807 2995 932 3043 Teutones
953 3001 1044 3054 patriae
1063 3014 1146 3044 eruore
1165 3004 1242 3046 anda-

117 3071 172 3114 rior
199 3068 276 3112 lactus
303 3068 441 3111 Markland.
469 3063 527 3112 125.
552 3064 696 3126 Agathyrsi
714 3067 822 3121 Scythica
845 3061 904 3126 gens
923 3069 946 3112 in
964 3059 1240 3126 S'armatia'blnropaeaa

119 3135 180 3182 ¹26.
201 3137 263 3182 Nota
281 3137 371 3180 hiatum
388 3137 459 3179 rabie
477 3135 585 3182 imbelle.
607 3133 664 3181 ¹34.
675 3149 780 3180 canaam
790 3134 960 3196 diremissem
973 3139 1044 3183 ABG.
1058 3139 1109 3195 (bie
1119 3153 1132 3183 a
1144 3153 1180 3194 pr.
1194 3139 1241 3195 ιιι.)

116 3206 194 3250 DEG.
242 3206 323 3263 Vulgo
341 3210 396 3249 ante
414 3206 478 3260 llnp.
498 3204 571 3250 Web.
592 3205 727 3250 Construe:
753 3208 911 3262 „squalorem
936 3208 1007 3251 amici
1026 3203 1122 3251 eausam
1140 3210 1241 3253 dicentis

117 3281 142 3321 et
163 3275 199 3320 rei
210 3275 226 3296 '⁸
248 3274 363 3327 liberius,
390 3279 415 3318 ut
433 3273 459 3318 lit
482 3275 543 3328 apud
564 3277 666 3329 politas,
687 3272 831 3329 transpositi
856 3271 951 3330 eopltl.
987 3277 1063 3334 Quam
1082 3279 1241 3322 constructio·

116 3358 173 3390 nean
192 3357 264 3400 quum
292 3344 370 3388 rninns
391 3343 526 3388 'enodarent
543 3347 613 3400 atque
632 3338 732 3388 omnino¹
747 3343 886 3388 lortrsulam-
900 3358 1005 3390 canaam
1023 3344 1110 3390 dicere.
1126 3346 1187 3390 haud
1205 3348 1241 3398 inf

116 3415 274 3471 lelltgerent,
302 3411 413 3465 fuerant,
434 3413 472 3468 qul
493 3412 639 3458 scriberent:
665 3425 771 3456 caueam
789 3413 902 3472 lugentia
920 3413 967 3470 (sic
987 3415 1040 3460 scil.
1060 3415 1088 3458 F.
1109 3414 1138 3458 C.
1156 3430 1170 3458 a
1189 3428 1239 3460 see.

114 3481 164 3537 an.)
183 3482 201 3527 l.
221 3495 244 3526 e.
263 3493 292 3525 ex
316 3481 408 3525 mediae
431 3481 516 3525 aetatis
543 3480 671 3526 Latinitate
691 3482 763 3538 (qnae
789 3493 861 3536 saepe
887 3482 911 3525 in
930 3483 1076 3538 explicandis
1097 3483 1242 3536 corruptelis

114 3566 145 3596 ae
166 3551 309 3606 praesertim
328 3549 552 3604 interpolationibus
570 3551 599 3594 ad
617 3556 698 3616 parles¹
716 3552 822 3594 voranda
845 3549 910 3606 est·)
934 3552 1076 3605 ,‚1ueoea,
1108 3551 1134 3594 la
1152 3549 1241 3613 cheae,

113 3620 280 3665 conditionem
296 3619 399 3677 lugentia
416 3619 519 3664 arniei.”
563 3619 615 3664 lloc
633 3633 704 3676 quum
724 3632 808 3674 parurn
831 3615 896 3664 recle
918 3619 963 3663 dici
984 3609 1109 3673 viderent,
1129 3616 1242 3665 correx'ei

113 3693 175 3734 reat
187 3699 200 3734 :·
212 3701 300 3732 caeam
317 3688 431 3748 lugentia
448 3687 543 3743 ramici,
564 3693 614 3733 ute
633 3693 746 3745 quattuor
764 3687 825 3730 Gdd.
840 3688 914 3732 edidit
930 3689 992 3744 llup.
1030 3689 1076 3733 Sed
1090 3689 1134 3732 boe
1156 3695 1179 3733 et
1198 3703 1242 3744 per

112 3771 144 3804 ae
172 3758 242 3801 nimia
267 3755 401 3812 inlinitum,
433 3763 457 3802 et
484 3760 512 3802 de
540 3758 726 3811 misericordia,
755 3769 825 3814 qnam
850 3759 927 3802 lactus
955 3772 983 3801 ec
1008 3758 1093 3802 lunera
1117 3758 1241 3814 excitent,

112 3839 201 3872 nerano
227 3831 264 3872 eet
284 3828 380 3871 demum
397 3839 421 3870 r.
443 3823 502 3874 lat.
550 3827 605 3872 alta
630 3827 724 3871 ratione
742 3827 821 3870 locum
848 3839 1004 3882 corrumpere
1026 3826 1122 3870 volebat
1143 3827 1241 3872 Wakef.

112 3897 180 3942 Sila.
205 3896 260 3940 erit.
286 3892 311 3939 2.
336 3909 361 3951 p.
390 3893 448 3940 10l.
469 3897 502 3940 ila
519 3896 593 3940 rerba
612 3896 809 3951 transponendo:
840 3891 1092 3954 circumscriptorem
1117 3897 1243 3954 pupillam

111 3964 235 4010 adiero
261 3969 396 4008 rorantem«
418 3963 611 4024 Squalaremqne
633 3967 687 4020 rei,
716 3965 788 4009 auiae
815 3978 849 4012 m.
865 3963 897 4028 fl.
945 3961 1003 4010 135.
1030 3964 1186 4022 lntetligenda
1206 3971 1244 4011 ret

111 4033 188 4080 aetia
211 4031 355 4078 rationibus
381 4032 573 4088 diatrallandm
604 4047 675 4092 qnam
700 4032 768 4078 linita
796 4035 869 4079 tutelo
897 4033 1000 4078 institnit
1025 4033 1129 4092 pupillus
1159 4041 1243 4096 eontra

112 4108 225 4152 latorem
242 4101 277 4146 ola
292 4102 448 4156 interceptam
466 4104 590 4157 pecuniam
609 4104 750 4158 pupillarem
769 4106 877 4160 maleque
895 4104 1001 4147 redditas
1019 4104 1141 4158 rationes,
1173 4105 1243 4162 idque

108 4176 137 4220 isa
158 4171 268 4227 dnplnan.
305 4170 373 4226 Apud
391 4171 513 4216 lloannnoa
533 4174 599 4228 pueri
618 4171 724 4225 connati,
745 4173 806 4216 tonsi
826 4173 920 4215 demum
939 4175 963 4216 et
980 4171 1129 4216 circumcisis
1142 4172 1172 4216 ab
1184 4185 1243 4218 anre

108 4238 317 4288 deaceadentibu
335 4241 457 4295 eapitur,-
473 4240 513 4285 nbi
532 4247 624 4286 restem
642 4241 784 4296 pupillarem
803 4242 978 4294 deposuissent.
1024 4241 1067 4284 llic
1087 4241 1158 4299 igitur
1172 4240 1243 4285 babi-

109 4318 153 4358 tns
174 4309 310 4360 commanis
333 4321 481 4365 puerorum,
508 4312 568 4356 unde
586 4311 696 4356 crinitae
722 4311 862 4368 paedagogo
888 4310 974 4356 turbae
992 4310 1101 4356 Martiali
1122 4308 1169 4367 12,
1197 4306 1241 4356 49.
