2964 4814
230 258 291 321 118

296 410 436 476 Lubrica
460 403 601 492 signarit
624 421 720 485 quom
743 400 818 464 deus
842 406 914 460 exta
936 394 1041 458 notis:

233 519 281 579 Te
305 518 385 577 duce
408 513 574 574 Romanos
598 523 755 587 nunquam
778 499 930 580 frustrata
954 493 1076 573 Sibylla
1099 503 1163 576 est,

296 613 416 678 Abdita
439 627 520 693 quae
542 606 624 671 senis
646 603 711 668 tata
735 600 818 665 canit
839 599 984 681 pedihus.

232 719 384 788 Phoebe,
410 731 520 774 sacras
543 704 751 771 Messalinum
775 702 841 764 siue
863 691 995 781 tangere
1018 686 1143 758 chartas

294 814 388 878 Vatis
412 811 551 891 etipse,
575 827 712 890 precor,
737 801 812 886 quid
835 812 925 863 canat
947 799 1021 872 illa,
1047 800 1139 860 doce.
1201 783 1203 791 ¹

232 921 324 981 Hace
347 913 432 977 dedit
455 914 585 974 Aeneae
606 917 711 970 sortes
723 949 734 989 ,Ι
757 913 926 985 postquam
949 899 1004 980 ille
1025 908 1187 979 parentem

154 1093 161 1104 .
295 1014 423 1081 Dicitur
446 1023 477 1074 et
498 1021 609 1091 raptos
631 1003 817 1068 sustinuisse
840 1004 961 1073 Lares,

233 1121 303 1182 Nec
324 1117 396 1180 fore
419 1112 570 1176 credebat
591 1110 744 1179 Bonnam,
770 1124 866 1186 quom
891 1111 1028 1163 maestus
1050 1101 1089 1161 ab
1114 1100 1177 1160 alto

295 1216 378 1280 Ilion
402 1216 547 1276 ardentes
570 1207 806 1288 respiceretque
829 1205 924 1265 deos:

234 1317 404 1398 (Romulus
428 1323 573 1376 aeternae
596 1310 733 1371 nondum
756 1305 939 1366 firmaverat
961 1302 1048 1364 urbis

297 1415 448 1490 Moenia,
474 1410 618 1476 consorti
640 1430 703 1471 non
727 1406 893 1492 habitanda
916 1404 1048 1476 Remo,

234 1523 297 1583 Sed
319 1530 393 1580 tunc
415 1515 586 1596 pascebant
608 1512 744 1573 herbosa
769 1505 891 1570 Palatia
914 1525 1031 1566 vaceae

298 1620 344 1681 Et
366 1617 492 1679 stabant
512 1611 648 1675 humiles
671 1610 701 1671 in
725 1606 814 1670 Iovis
839 1627 911 1668 arce
934 1626 1038 1667 casae.

234 1724 337 1783 Lacte
360 1718 485 1778 madens
507 1713 573 1775 illic
594 1711 723 1774 suberat
746 1711 815 1772 Pan
837 1706 916 1769 ilicis
939 1706 1069 1768 umbrae

298 1821 342 1881 Et
363 1816 448 1879 facta
472 1813 592 1897 agresti
613 1812 721 1893 lignea
742 1808 825 1871 falce
848 1809 959 1881 Paless

233 1921 462 2000 Peudebatque
485 1913 560 1998 vagi
583 1913 721 1994 pastoris
742 1910 776 1971 in
798 1913 914 1971 arbore
937 1918 1063 1983 votum,

297 2019 436 2082 Garrula
458 2015 595 2079 silvestri
617 2013 724 2074 fistula
746 2031 836 2072 sacra
859 2013 937 2085 deo,

234 2122 375 2194 Fistula,
402 2118 453 2182 cui
475 2135 600 2197 semper
623 2112 779 2175 decrescit
802 2111 961 2173 arundinis
986 2113 1086 2184 ordo;

152 2301 154 2309 Ι
266 2278 271 2288 ,
296 2225 379 2284 Nam
398 2219 534 2281 calamus
557 2235 628 2278 cera
651 2213 794 2295 iungitur
816 2233 915 2295 usque
939 2211 1053 2292 minor.

234 2323 280 2384 At
304 2343 366 2403 qua
387 2317 525 2382 Velabri
546 2315 641 2398 regio
663 2324 771 2395 patet,
797 2312 845 2374 ire
867 2313 992 2375 solebat

298 2413 445 2504 Exiguus
468 2418 559 2499 pulsa
582 2435 641 2496 per
666 2417 742 2475 vada
766 2412 859 2474 linter
882 2432 986 2494 aqua.-

79 2523 81 2530 ’
162 2565 164 2570 .
211 2524 291 2586 ‘llla
316 2542 410 2603 saepe
434 2517 543 2603 gregis
566 2517 621 2579 diti
643 2513 799 2596 placitura
822 2512 975 2596 magistro

297 2624 351 2685 Ad
371 2621 519 2684 iuvenem
541 2618 620 2680 festa
644 2627 692 2676 est
714 2625 806 2676 vecta
828 2614 932 2694 puella
957 2613 1026 2687 die;

234 2725 315 2790 Cum
340 2744 400 2805 qua
424 2717 553 2784 secundi
574 2717 738 2780 redieruut
760 2733 888 2776 munera
910 2715 1011 2790 ruris,

296 2823 418 2887 Caseus
442 2833 472 2882 et
495 2819 607 2881 niveae
630 2815 779 2878 candidus
802 2835 903 2898 agnus
927 2816 1025 2892 ovis.)

236 2923 405 3006 „Impiger
428 2922 561 2994 Aenea,
586 2917 748 2982 volitantis
770 2914 871 2978 frater
893 2915 1048 2992 Amoris,

286 3101 327 3147 18.
359 3098 424 3160 quod
450 3099 526 3144 Codd.
552 3099 609 3156 aliq.
636 3099 664 3142 B.
684 3099 713 3142 L.
733 3116 768 3134 -ι
785 3100 843 3158 quoi
861 3101 892 3143 V.
917 3099 979 3143 corii.
1035 3097 1077 3144 23.
1091 3095 1250 3158 formaverat
1269 3103 1349 3150 Codd.

232 3172 309 3216 artulti.
329 3171 358 3215 B.
378 3189 410 3204 ··
421 3165 578 3226 fundauerat
595 3169 627 3210 al.
648 3168 713 3210 Mur.
776 3164 817 3211 33.
838 3165 870 3210 Et
888 3167 964 3212 Codd.
985 3168 1043 3224 aliq.
1063 3170 1094 3213 V.
1114 3169 1143 3214 B.
1216 3170 1253 3215 lb.
1274 3170 1350 3216 Vela.

232 3241 303 3284 hrum
322 3239 433 3294 planities
452 3238 515 3281 inter
533 3236 696 3290 Capitolium,
716 3237 852 3278 Palatinum
873 3241 896 3279 et
913 3237 1178 3282 Auerrtinumrnoutern.
1226 3236 1350 3300 35rds'ti]

232 3309 351 3352 Muretus.
372 3328 406 3340 -υ
425 3305 486 3349 ditis
502 3319 554 3348 eum
573 3305 622 3347 suis
641 3305 700 3346 Cdd.
720 3303 767 3358 L.,
796 3305 858 3360 quod
878 3309 914 3348 est
938 3317 967 3348 ex
989 3307 1136 3350 aeeornrnod.
1161 3309 1189 3349 ud
1212 3301 1350 3362 proximum

226 3390 285 3422 roc.
342 3372 382 3422 39.
401 3375 472 3418 Redit
498 3373 576 3416 oratio
596 3374 625 3415 ad
644 3385 666 3414 v.
688 3369 729 3415 22.
792 3369 834 3415 43.
853 3370 1002 3426 Numicius,
1022 3375 1099 3417 amnis
1118 3375 1180 3418 inter
1201 3375 1350 3421 Laurentum

232 3460 259 3489 ac
275 3445 400 3488 Lauinium
414 3445 554 3486 decurrens.
565 3454 588 3483 r.
602 3440 656 3482 Liv.
673 3437 705 3492 1,
721 3437 745 3482 2.
766 3440 850 3483 lustin.
866 3437 913 3500 43,
930 3440 952 3483 1.
972 3442 1042 3500 Virg.
1057 3445 1116 3486 Aen.
1133 3441 1178 3498 12,
1196 3441 1254 3492 191.
1274 3445 1347 3490 Ouid.

231 3515 292 3559 Met.
309 3511 359 3565 rt,
381 3510 438 3557 sat.
499 3507 540 3554 15.
570 3509 677 3552 uolitans
697 3507 757 3552 Cod.
781 3507 803 3550 1.
824 3510 855 3551 V.
923 3506 964 3553 5³.
984 3508 1056 3553 datos
1068 3506 1163 3568 sur-tim
1182 3513 1212 3556 V.
1234 3516 1297 3557 coni.
1318 3534 1351 3550 -

231 3589 304 3634 tuos,
325 3594 414 3625 carnum
438 3579 565 3622 Schrader.
612 3576 656 3619 Est
679 3572 732 3634 τὰς
758 3571 871 3642 λάθρα,
899 3573 1067 3639 λεληθότως
1096 3578 1275 3640 συνουσίας,
1306 3587 1349 3633 ut.

230 3653 326 3694 notante
346 3647 479 3699 lluschkio,
500 3645 533 3692 αἱ
549 3642 716 3710 παραυτίκα
734 3634 851 3704 ἡδοναί,
871 3642 904 3691 αἱ
917 3637 997 3708 ἄγαν
1016 3643 1152 3694 σπουδαί·
1191 3644 1232 3696 55,
1252 3656 1350 3706 septem

230 3717 260 3762 ds
288 3717 349 3760 (lod.
380 3716 401 3759 1.
432 3717 462 3758 V.
491 3715 519 3757 Β.
585 3709 626 3756 57.
647 3710 720 3754 rebus
740 3711 815 3754 Codd.
839 3711 864 3755 2.
889 3714 920 3756 V.
976 3711 1017 3758 59.
1037 3713 1201 3758 rutilantibus
1230 3719 1261 3761 V.
1282 3721 1347 3765 coni.

232 3784 273 3831 66.
293 3786 311 3828 i.
332 3799 354 3829 e.
375 3782 490 3836 ,ductavit
507 3795 587 3824 cornus
600 3783 653 3823 aute
673 3785 742 3833 caput
761 3779 852 3824 fnsas.”
888 3780 1024 3836 (Cupronac
1044 3784 1153 3826 dicuntur
1166 3797 1266 3838 comae,
1288 3799 1350 3842 quae

230 3860 284 3899 unte
303 3854 406 3896 frontem
430 3855 503 3902 suut,
535 3850 601 3905 quusi
624 3861 637 3890 a
662 3849 737 3902 capite
761 3862 858 3902 pronae.
895 3849 974 3893 Lucil.
1004 3851 1054 3894 Sat.
1082 3851 1137 3894 Lib.
1165 3853 1219 3896 vlt.
1257 3853 1350 3910 Apturs'

229 3921 336 3977 (iactari
362 3916 481 3971 lluseblt.)
509 3922 584 3972 ceput
606 3921 678 3974 utque
702 3929 787 3960 comus
801 3917 906 3978 fluitare
927 3931 1067 3975 enprorsus,
1098 3918 1188 3973 Altos,
1214 3916 1349 3978 frontibus

230 3989 379 4040 irremissus,
400 3991 426 4029 ut
439 3981 554 4042 ruossuit
565 3984 628 4028 illis.
640 3984 754 4037 Nonius.)
768 3985 872 4028 Husclrlt.
887 3987 966 4030 scal:
981 3979 1201 4044 -2Iactoritsusu
1215 3987 1261 4032 aad
1273 3996 1350 4048 caput

231 4063 288 4101 unte
307 4069 387 4099 como.
407 4056 500 4097 voss:
522 4071 554 4086 ·-
574 4045 652 4096 iuctcit
666 4049 759 4112 diffmu
779 4051 837 4096 dum
850 4060 998 4110 reputante
1015 4067 1099 4098 vermo.
1120 4069 1142 4099 v.
1165 4053 1206 4100 67..
1221 4081 1231 4091 ·
1247 4055 1288 4102 10.
1308 4073 1349 4102 re·

185 4153 187 4160 .
228 4125 313 4170 sarad
334 4137 357 4165 v.
385 4119 425 4165 79.
463 4117 531 4163 Haec
542 4116 737 4179 suerentotim.
774 4120 882 4164 Laetant.
903 4120 926 4169 1.
948 4120 977 4176 6,
999 4120 1040 4167 10.
1078 4121 1220 4168 uturum>
1242 4126 1349 4183 scripsit

230 4219 239 4229 -
259 4191 373 4249 sibyllas
394 4188 477 4232 circem
496 4203 600 4233 ricimero
611 4185 700 4246 suisss
719 4211 751 4221 -
770 4206 809 4223 -ι
820 4189 952 4244 septimam
971 4187 1121 4246 Cumanum,
1141 4193 1240 4236 nornine
1260 4192 1348 4239 Amol-

227 4259 326 4313 tlreum,
346 4271 408 4317 quoe
428 4257 458 4300 cb
479 4257 539 4301 aliis
562 4255 709 4313 Demptus
729 4256 766 4300 rel
788 4253 924 4314 Herophilo
940 4249 1111 4312 'nominatum
1138 4273 1239 4320 sumque
1261 4276 1349 4307 norem
