2948 4820
135 343 281 407 Eventus
302 341 466 407 Labienus
487 353 569 408 crat.
613 345 721 417 „Fors
744 343 879 422 obtulit,
904 343 1026 434 inquit,
1060 413 1067 426 ,

131 446 176 510 Et
199 443 328 509 fortuna
352 444 423 508 vise
445 457 507 508 tam
530 445 636 530 magei
658 445 794 510 nttnsiuis
817 467 875 512 nra
1046 445 1047 450 ’

133 545 378 630 Consiliumque
400 545 471 610 dei:
507 558 595 614 tanto
619 548 698 611 dirce
720 567 888 630 possumus
910 550 957 613 uti

16 689 17 702 κ
135 651 201 712 l'er
225 651 336 728 Syrtes
360 649 498 731 bellique
520 663 609 713 ratos
631 671 830 734 cognoscere
852 672 957 714 casus.

133 753 214 814 Nam
239 750 289 813 cui
312 749 501 814 crediderim
526 754 669 834 Superos
692 774 806 814 arcana
829 755 962 816 <latinos

132 853 349 936 Dicturosque
372 853 472 936 magis
494 875 587 938 quam
610 866 721 918 sancto
748 875 824 918 vera
848 851 991 920 Catoni?

133 954 232 1019 Certe
259 954 320 1018 vita
344 955 402 1018 tibi
424 977 549 1036 semper
571 956 692 1020 directa
715 979 870 1039 supernas

137 1061 190 1120 Ad
214 1059 301 1140 leges
324 1056 531 1142 sequerisque
553 1061 657 1122 deum.
705 1061 812 1124 Datur
834 1081 908 1122 eece
932 1059 1083 1144 loquendi

135 1160 215 1224 Cum
239 1162 321 1224 Iove
343 1160 491 1237 libertas:-
513 1159 636 1244 inquire
658 1161 690 1224 in
712 1162 776 1223 lata
800 1161 926 1225 nefandi

134 1261 283 1326 Caesaris
306 1273 338 1325 et
360 1262 481 1344 patriae
508 1273 663 1327 venturos
685 1277 801 1327 exerite
825 1286 949 1328 mores:

134 1367 210 1428 luce
232 1386 292 1427 suo
315 1363 444 1446 populis
467 1365 511 1427 uti
535 1366 707 1450 legumque
730 1367 855 1444 licebit,

133 1467 187 1530 An
209 1467 326 1530 bellum
349 1467 443 1530 civile
465 1468 562 1549 perit.
609 1471 678 1531 'l'ua
702 1482 835 1551 pectora
858 1491 947 1534 saera

134 1570 230 1631 Voce
253 1571 360 1651 reple:
386 1573 483 1632 datrae
505 1570 616 1633 saltem
641 1571 767 1637 virtutis
790 1585 915 1636 arnator

135 1671 263 1750 Quaere
286 1671 361 1755 quid
384 1683 430 1733 est
454 1671 557 1734 virtus
579 1683 611 1734 et
633 1695 731 1755 posce
754 1675 919 1756 exemplar
941 1673 1102 1738 bonesti.''

128 1813 130 1818 -
176 1774 236 1836 llic
258 1775 320 1836 deo
342 1774 474 1855 plenus,
499 1775 593 1836 tacita
616 1797 708 1860 quem
732 1787 835 1838 mente
859 1779 1014 1860 gerebat,

134 1875 260 1939 Effudit
282 1873 401 1959 dignas
417 1874 519 1956 adytis
541 1899 557 1940 c
579 1889 713 1959 pectore
736 1899 848 1941 voces.

134 1978 245 2057 „Quid
267 1979 396 2062 quaeri,
421 1979 580 2054 Labiene,
605 1977 719 2042 iubes?
748 2003 786 2041 an
810 1981 889 2043 liber
911 1979 942 2042 iu
965 1979 1060 2043 arinis

136 2081 335 2148 Occubuisse
359 2081 452 2144 velim
476 2081 699 2165 potiusquam
722 2103 823 2164 regna
847 2071 981 2146 uidere?

136 2190 188 2250 An
211 2185 251 2248 sit
274 2183 338 2246 vita
361 2182 457 2257 nibil,
482 2186 538 2247 sed
559 2184 687 2266 longam
711 2185 838 2247 differat
859 2183 970 2247 aetas?

135 2289 187 2352 Au
212 2297 326 2350 noceat
348 2286 395 2348 vis
418 2286 479 2348 ulla
501 2286 613 2350 bono?
636 2287 843 2371 Fortunaque
865 2289 980 2368 perdat

136 2390 295 2470 Opposita
321 2387 437 2452 virtute
460 2386 583 2450 artinas?
614 2387 830 2472 laudandaque
854 2389 935 2451 velle

137 2491 185 2554 Sit
206 2489 282 2553 satis
305 2501 337 2554 ct
357 2511 519 2574 utinquam
542 2511 692 2553 successu
714 2502 838 2553 crescat
860 2489 1057 2553 honestum?

136 2593 258 2656 Scimus
281 2605 312 2656 et
334 2595 397 2656 hoc
420 2592 512 2655 nobis
535 2613 598 2655 non
621 2592 714 2655 altius
737 2592 847 2656 inserit
869 2593 1022 2657 Amineo.

137 2699 313 2760 Haeremus
336 2695 441 2758 cuncti
465 2694 614 2777 Superis,
637 2695 820 2776 temploque
842 2705 968 2758 tacente
1143 2680 1145 2686 ¹

137 2800 190 2862 Nil
214 2791 432 2862 lacimus’non
455 2810 569 2878 sponte
592 2796 661 2860 dei:
696 2819 755 2858 nec
778 2795 912 2860 vocibus
935 2795 1006 2860 ullis

11 2939 12 2970 t
137 2904 262 2964 Nunsen
285 2912 380 2984 egett
411 2899 553 2983 dixitque
575 2901 670 2962 scnrel
693 2898 891 2962 nascentibus
914 2908 1047 2974 auctor,

138 3003 299 3087 Quicquid
321 3003 402 3066 scire
425 3002 521 3065 licet:
545 3001 670 3064 steriles
694 3023 751 3063 nee
775 3001 854 3084 legit
878 3021 1007 3074 arenas,

11 3149 12 3158 κ
138 3109 182 3171 Ut
204 3116 333 3168 caueret
354 3105 479 3185 paucis,
504 3105 675 3186 mersitque
698 3105 761 3167 boe
784 3103 916 3184 pulvere
938 3123 1064 3166 vertun.

137 3211 239 3272 Estne
261 3206 312 3269 dci
332 3209 422 3270 sedes
445 3206 503 3269 uisi
527 3219 610 3270 terra
633 3218 665 3269 et
687 3218 804 3287 pontus
827 3216 859 3268 et
881 3206 937 3267 ae'r

138 3314 182 3375 Et
204 3311 325 3373 eaelum
348 3321 380 3372 et
402 3308 527 3371 virtus?
550 3312 694 3389 Superos
717 3307 792 3389 quid
816 3307 996 3389 quaerimus
1020 3306 1125 3367 ultra?

137 3413 286 3495 luppiter
308 3423 357 3475 est
379 3414 591 3494 quodcunque
614 3408 722 3482 vides,
748 3429 940 3492 quocunque
964 3407 1118 3470 snovcris.
1193 3405 1255 3468 580

138 3514 310 3599 Sortilegis
332 3523 447 3596 egeant
469 3512 555 3575 dubii
577 3531 765 3594 semperque
788 3509 907 3572 staturis
989 3549 991 3556 ‹

139 3617 276 3682 Casibus
299 3615 470 3696 ancipites:
502 3636 550 3676 me
574 3634 637 3679 nou
661 3613 789 3675 oracula
814 3625 956 3685 (tertium,

138 3723 203 3784 Sed
225 3740 312 3782 mors
334 3729 421 3781 certa
444 3717 541 3780 lacit:
565 3717 682 3798 pavido
705 3715 848 3798 lectique
871 3714 1044 3774 casleudum
1068 3722 1128 3773 est.

138 3824 215 3886 Hoc
237 3820 314 3884 satis
337 3831 384 3884 est
406 3819 523 3881 dixisse
546 3817 694 3881 lovesu.”
738 3815 868 3878 Sicilie
895 3814 1044 3896 prolatus

139 3921 339 4006 Servataque
361 3921 423 3985 lide
445 3920 555 4004 templi
577 3917 707 3982 discedit
730 3919 769 3978 ab
793 3918 873 3992 aris,

139 4027 214 4090 Nou
237 4025 439 4106 exploratum
462 4022 590 4105 populis
613 4023 772 4084 Artemona
793 4019 990 4102 relinquens.

209 4186 270 4236 ⁵⁶8.
290 4205 314 4220 ··
335 4186 414 4244 nibil,
434 4193 458 4233 st
475 4187 571 4250 louge?
597 4181 636 4232 etr
649 4184 675 4234 d.
695 4190 765 4229 uetes
783 4183 867 4228 Corte.
