2946 4816
203 197 266 262 231

203 356 386 440 Surgebant
408 353 541 419 cristae:
567 351 644 416 nihil
666 361 733 429 eat,
758 355 847 438 quod
869 355 1002 419 credere
1025 357 1063 418 de
1083 375 1118 418 ae

204 460 281 522 Non
302 455 429 541 possit,
453 476 550 539 quom
575 456 740 530 laudatur,
765 456 813 518 dis
833 475 934 538 acqua
955 466 1110 538 potestas.

203 561 267 624 Sed
288 563 397 624 deerat
418 557 498 641 pisci
519 555 646 640 patinre
668 577 825 622 mensura.
870 560 1041 622 Vocantur

202 663 295 747 Engo
317 661 350 725 in
372 659 538 724 consilium
559 678 733 741 proceres,
757 677 840 744 quos
862 662 975 724 oderat
995 659 1068 736 itte;

206 765 247 828 ln
268 779 407 849 quorum
427 762 509 826 facie
531 761 664 826 miserae
687 781 884 846 magnaeque
905 763 1037 826 sedebat

201 867 316 932 Pallor
338 862 506 928 amicitiae.
551 861 695 940 Primus,
719 864 874 926 clamante
896 863 1065 942 Liburno,

202 1015 216 1044 ,‚
225 967 375 1043 Currite,
400 966 460 1030 iam
482 965 610 1030 sedit!’'
633 977 728 1048 rapta
750 968 947 1048 properabat
969 966 1075 1030 abolla

201 1073 366 1156 Pegasus,
390 1068 541 1133 attonitae
563 1066 688 1150 positus
710 1071 806 1132 modo
829 1067 956 1132 villicus
979 1069 1070 1133 urbi:

201 1176 296 1242 Anne
319 1172 405 1236 aliud
425 1184 500 1235 tune
523 1169 704 1254 praelecti?
726 1191 863 1254 quorum
886 1170 1025 1253 optimus
1045 1183 1139 1258 'etque

200 1277 369 1359 Interpres
391 1273 497 1360 legum
520 1272 733 1336 sanctissimus
755 1271 861 1336 omnir
884 1293 1073 1357 quamquam

202 1377 417 1460 Temporibus
442 1375 519 1439 diris
541 1378 705 1439 tractanda
727 1377 860 1457 putabat
881 1371 995 1438 inermi

202 1478 342 1544 lustitia.
387 1475 485 1543 Venit
509 1489 540 1541 et
563 1476 670 1558 Crispi
691 1475 825 1540 iucunda
848 1489 1011 1555 senectus,

202 1581 303 1648 Cuius
325 1591 416 1645 erant
438 1600 564 1655 mores,
588 1579 690 1663 qualia
711 1579 876 1656 facundia,
900 1580 973 1645 mite

200 1683 381 1770 Ingenium.
426 1683 540 1748 Maria·
553 1703 592 1746 ec
613 1693 715 1745 terras
737 1681 941 1767 populosque
963 1685 1086 1769 regenti

202 1786 282 1867 Quis
305 1806 413 1851 comes
436 1784 564 1860 utilior,
589 1783 729 1847 ciclade
752 1795 783 1848 et
805 1795 895 1867 peste
917 1787 976 1848 sub
998 1785 1051 1849 illa

203 1887 374 1952 Saevitiam
397 1889 544 1949 damnare
566 1897 597 1949 et
620 1887 788 1950 honestum
813 1889 929 1951 alierre
951 1887 1063 1952 liceret

202 1988 404 2055 Consilium?
426 1991 490 2053 Sed
513 1988 588 2072 quid
610 1985 783 2053 violentius
807 2009 882 2054 aure
904 1989 1055 2070 tyranni?

202 2092 285 2158 Cum
308 2113 374 2175 quo
397 2093 435 2154 de
457 2090 573 2173 pluviis
597 2101 649 2154 aut
672 2090 811 2154 aestibus
833 2101 887 2154 aut
909 2091 1057 2158 nimboso

201 2196 292 2258 Vere
313 2192 458 2258 locuturi·
473 2194 570 2256 latum
595 2195 753 2275 pendebat
775 2193 878 2256 amici.

200 2296 262 2360 llle
284 2295 382 2380 igitur
405 2315 563 2380 nunquam
586 2294 701 2358 direxit
724 2296 854 2358 brachia
876 2309 988 2360 contra

203 2401 398 2464 Torrentem
420 2418 479 2460 nee
500 2389 581 2460 civis
602 2408 690 2474 erat,
715 2397 770 2484 qui
791 2397 891 2462 libera
914 2411 1026 2481 posset
1284 2405 1328 2465 90

202 2635 215 2664 a
237 2619 317 2664 Sebol.
347 2619 395 2662 iam
419 2618 567 2672 propositam
594 2612 784 2673 incarceratione
811 2631 838 2663 ac
873 2619 941 2663 laude
966 2619 1141 2664 intumescebat
1168 2620 1325 2675 imperator,

202 2689 310 2747 quamvis
329 2685 427 2744 laiso.”]
448 2691 471 2730 et
482 2688 579 2746 glossae
594 2685 713 2734 Eineiedl.
733 2685 831 2747 (,Quid
847 2687 979 2744 apertius?
997 2689 1040 2731 bac
1058 2689 1203 2733 adolatione.
1242 2689 1326 2734 Verba

201 2762 257 2803 rant
285 2760 380 2813 politae.
433 2755 595 2800 Eleeebantur
625 2756 646 2799 el
674 2769 762 2799 corona
793 2769 849 2811 prae
876 2756 1027 2812 superbia.”)
1061 2763 1156 2802 secutus
1189 2761 1226 2802 eet
1252 2758 1326 2802 etiam

203 2827 289 2879 Web.)
341 2823 382 2871 11.
413 2825 580 2869 Memorabilis
608 2829 644 2869 est
671 2825 742 2869 lectio
770 2825 851 2885 Marg.
883 2825 928 2870 Cd.
950 2827 981 2870 D.
1008 2823 1065 2871 Non
1082 2827 1158 2871 ducit.
1205 2823 1245 2872 73.
1265 2839 1326 2870 coar·

202 2898 289 2941 cilium
304 2894 399 2939 ABCG.
436 2895 482 2939 Sed
501 2894 546 2939 cir.
566 2893 631 2938 Plio.
660 2890 690 2947 4,
710 2893 757 2949 Ep.
777 2891 820 2940 22.
860 2892 968 2953 interfui
981 2896 1110 2953 principia
1127 2896 1215 2952 optimi
1231 2898 1329 2956 cogui-

203 2965 280 3019 tinne,
301 2965 328 3008 iu
344 2962 478 3008 eonsilium
496 2968 652 3021 uaeuruptue.
690 2961 732 3008 ll.
752 2961 786 3008 Et
803 2977 907 3023 quorum
925 2964 988 3008 God.
1006 2965 1035 3010 F.
1074 2963 1115 3010 7⁵.
1134 2977 1207 3010 servo
1226 2979 1327 3010 nomen-

202 3037 293 3080 elatore
313 3047 325 3077 e
345 3032 460 3076 Liburnia
478 3033 590 3076 oriundo.
629 3029 670 3077 16.
689 3031 822 3092 Pegasus,
843 3034 956 3087 Stoicus,
976 3034 1099 3091 (quocirca
1111 3034 1219 3078 abellam
1234 3037 1328 3092 rapit;)

203 3103 263 3148 iuris
281 3103 360 3146 studio
385 3101 488 3159 gloriam
509 3102 641 3145 memoriae
660 3103 765 3157 meruit,
797 3108 822 3146 ut
839 3103 1007 3162 liber-vulgo,
1036 3116 1083 3147 non
1101 3102 1173 3149 bomo
1194 3105 1327 3149 diceretur.

203 3173 293 3218 Consul
312 3171 425 3215 saliectus
443 3170 489 3214 luit
507 3183 561 3215 cum
578 3169 687 3215 Pusione
702 3176 809 3226 tempore
828 3173 986 3227 Vespasiani,
1008 3177 1090 3228 postea
1107 3173 1247 3218 Praefectus
1261 3173 1327 3218 urbi.

171 3253 176 3258 ·
202 3243 239 3286 Ab
270 3242 315 3285 boc
336 3239 429 3284 'SCtum
450 3239 609 3299 Pegasiaoom
635 3241 663 3283 de
696 3239 887 3286 fideicommissis
909 3241 1078 3286 hereditatibus
1106 3243 1193 3286 dictum
1221 3248 1268 3287 est.
1301 3257 1327 3290 r.

204 3311 259 3357 Gaii
277 3310 331 3356 Lib.
354 3308 378 3354 2.
399 3309 422 3368 §.
442 3305 502 3355 251.
554 3307 585 3355 li
616 3309 700 3354 ttuttus
718 3311 890 3366 interpretum,
911 3325 970 3368 qnos
992 3313 1100 3369 equidem
1122 3314 1167 3356 vidt
1185 3343 1193 3364 ,
1221 3312 1330 3356 laudarit

204 3383 258 3426 Cic.
278 3393 322 3436 pro
339 3379 440 3424 Plancio
457 3391 479 3426 e.
499 3376 541 3424 25.
569 3380 681 3436 populor
704 3378 749 3425 lio.
778 3379 870 3440 deligit
895 3382 1064 3440 rungietrutua
1082 3382 1156 3440 quusi
1174 3381 1239 3437 reip.
1259 3380 1328 3425 rilli-

203 3464 256 3496 σοι.
303 3446 345 3494 80.
364 3449 424 3493 Leni
442 3449 629 3504 reprehensione
654 3447 818 3506 significatur,
847 3450 942 3507 Pegaso
961 3452 1119 3495 severitatem·
1134 3453 1156 3494 iu
1175 3450 1329 3506 praefectura

203 3520 389 3565 administranda
405 3522 459 3562 tunc
482 3519 597 3572 temporis
616 3519 776 3562 necessariam
795 3519 909 3563 defuisse.
956 3519 992 3564 De
1013 3518 1084 3563 Vibio
1105 3517 1194 3577 Crispo
1211 3525 1328 3573 oratore,

203 3603 226 3635 v.
248 3590 327 3636 Tacit.
353 3589 416 3632 Anu.
445 3584 495 3641 14,
515 3585 557 3631 28.
590 3587 651 3630 llist.
672 3584 702 3640 2,
725 3585 765 3636 111,
787 3585 817 3643 i,
839 3586 888 3641 41,
910 3583 952 3632 13.
989 3589 1061 3634 ntatr
1080 3589 1108 3633 de
1127 3589 1206 3634 Oralt.
1227 3587 1261 3643 8,
1284 3585 1328 3633 13.

204 3661 270 3703 Sract.
300 3657 390 3701 Dormit.
423 3652 446 3700 3.
496 3656 610 3714 Quinctil.
643 3653 673 3709 5,
705 3653 745 3700 13.
775 3655 805 3711 6,
838 3655 862 3701 2.
889 3654 936 3711 ll),
969 3654 1062 3712 1.12,
1094 3655 1134 3705 11.
1189 3657 1230 3702 85.
1250 3654 1330 3715 serre

204 3728 321 3774 unctio.
353 3727 380 3770 ln
407 3730 506 3782 utraque
534 3725 615 3783 lingua
647 3725 788 3779 saepissime
819 3727 937 3781 simplicia
966 3726 1092 3784 vocabula,
1114 3735 1158 3782 pro
1186 3727 1331 3782 compositis

204 3799 292 3851 scripta
310 3795 473 3851 reperiuntur.
512 3791 554 3840 91.
574 3793 659 3839 auimo
675 3795 778 3839 coniecit
792 3795 853 3851 llnp.
874 3797 1008 3850 „exempla
1029 3796 1140 3840 dictionis
1158 3796 1332 3840 desiderans.’'

205 3868 250 3912 Sed
274 3865 410 3910 audacioris
436 3864 499 3918 tropi
528 3861 638 3918 exempla
667 3864 724 3907 alibi
756 3866 825 3908 anxie
856 3867 990 3922 quaerenda
1020 3879 1066 3908 non
1091 3869 1153 3908 suut.
1201 3864 1246 3908 Est
1271 3867 1331 3909 scil.

205 3948 253 3988 „ex
272 3935 345 3978 aulmi
367 3934 485 3979 sententia
507 3933 600 3990 loqui.”
643 3932 734 3976 Contra
760 3933 792 3978 G.
818 3933 848 3977 E.
868 3934 1005 3978 Weberns:
1038 3934 1131 3988 ,uerbo
1148 3931 1230 3976 libero
1248 3933 1334 3988 enimi

206 4005 223 4046 i.
244 4017 266 4046 e.
287 4001 362 4046 libere
380 4002 452 4046 animi
477 4002 618 4046 senteutiam
636 4003 776 4057 aperientia.
826 4001 879 4046 Nou
903 4003 1093 4061 coniungendam
1120 4001 1194 4048 aerbo
1222 4001 1334 4046 onimi.’'

206 4069 248 4117 ⁹5.
269 4070 379 4124 „Acilius
399 4069 499 4115 Glabrio
520 4075 587 4126 pater
611 4072 702 4116 iuvenis
721 4072 864 4125 clarissimi,
885 4063 940 4128 qui,
960 4085 1032 4129 quum
1055 4073 1103 4116 iam
1121 4072 1203 4116 consul
1224 4071 1332 4126 luisset,

206 4145 230 4184 ut
250 4139 380 4183 Domitiani
402 4141 525 4184 saevitiam
544 4141 675 4198 effugeret,
710 4141 778 4184 Bruti
798 4143 907 4196 exernplo
929 4141 1085 4186 stoliditatem
1101 4143 1269 4194 simulaverat,
1298 4141 1334 4186 ita

206 4213 230 4252 ut
249 4210 277 4251 ad
296 4209 476 4267 depugnandum
494 4222 549 4252 cnm
568 4211 636 4253 leone
656 4211 722 4254 insen
741 4210 834 4264 tyranni
852 4211 1026 4255 adduceretur:
1058 4211 1132 4255 uibilo
1153 4215 1230 4254 tanuen
1250 4210 1334 4254 narinus

207 4277 346 4322 interiectus
372 4282 409 4322 est
433 4277 456 4321 ia
481 4277 580 4322 exitio.”
615 4278 646 4322 G.
672 4279 702 4324 Ε.
730 4279 861 4324 Weberus.
881 4281 926 4326 cfr.
948 4280 1014 4325 Suet.
1035 4280 1106 4326 Dom.
1129 4276 1170 4325 1⁰.
1189 4279 1236 4324 Dio
1255 4278 1335 4326 Cass.
