2952 4826
1264 249 1283 310 5

233 398 374 464 Facilius
394 398 456 463 iam
479 409 531 464 res
563 405 760 485 procedebat
789 403 822 468 in
852 404 1022 471 Tibullo
1043 416 1119 488 post
1141 407 1280 490 Heynii,

168 502 424 580 Wunderlichii,
447 501 579 581 Vossii,
601 505 761 569 Huschkii
789 527 827 570 ac
853 505 967 571 Baebii
1001 529 1107 585 curas,
1142 529 1183 574 ex
1211 510 1282 594 qui·

170 608 265 685 bus„
284 604 362 668 nulli
385 605 564 683 obnoxius,
600 629 679 692 quae
701 606 900 692 potissimum
923 610 1103 693 placerent,
1141 633 1229 676 meos
1250 611 1283 674 in

170 729 246 771 usus
268 706 430 772 converti.
826 731 830 738 ·

233 811 273 874 In
295 811 545 894 Propertio,
580 813 733 878 consultis
755 813 848 878 etiam
870 815 1046 892 Bahrdtio,
1078 817 1282 894 Burmanuo,

171 913 372 990 Kuinoelio,
408 916 646 978 Lachmanuum
683 916 890 1000 praecipuum
933 921 1044 981 ducem
1081 918 1189 983 habui.
1243 920 1283 983 Iu

172 1015 320 1082 Ovidii
343 1015 469 1102 Elegiis
490 1019 721 1097 Burmannum,
758 1019 791 1083 in
814 1001 964 1085 Persio
990 1043 1067 1085 vero
1092 1021 1282 1086 Passovium

171 1141 208 1182 ac
231 1117 401 1183 Nicolaum
424 1119 602 1210 Achaintrc¹
630 1133 754 1186 secutus
783 1145 869 1199 sum,
906 1122 1029 1187 ratione
1059 1123 1167 1186 habita
1190 1123 1283 1188 etiam

171 1243 300 1296 eorum,
339 1243 420 1305 qnae
446 1221 675 1299 Casanbonns,
713 1224 863 1301 Reizius,
900 1224 1049 1290 Montius
1084 1227 1219 1307 (Satira
1248 1227 1284 1289 di

170 1328 216 1388 A.
233 1324 353 1388 Persio
367 1327 498 1401 Flacco,
516 1326 722 1390 traduzione
738 1328 774 1390 di
788 1332 822 1394 V
819 1329 960 1393 incenzo
975 1330 1103 1393 Monti.
1127 1328 1282 1405 Milaoo,

171 1427 280 1490 Genio
299 1440 442 1513 typogr.
467 1428 562 1490 1803.
586 1429 634 1507 8.)
656 1450 693 1491 ac
716 1428 893 1493 Meisterus
915 1429 1034 1510 (variis
1053 1431 1085 1492 in
1101 1431 1283 1512 opusculis)

172 1529 211 1592 ad
243 1529 335 1592 huius
369 1533 487 1611 poe'tae
523 1529 820 1613 interpretationem
861 1532 1076 1597 contulerunt.
1130 1533 1283 1618 Koenigii

172 1631 403 1696 commentario
434 1653 543 1696 careo.
596 1632 707 1697 Editio
737 1633 864 1720 quidem
891 1634 1177 1721 Norimbergensis
1210 1637 1282 1698 anni

174 1734 267 1797 1803.
290 1745 419 1816 praeter
441 1733 618 1799 Ebneriani
646 1735 768 1800 codicis
796 1736 950 1802 lectiones
975 1738 1090 1821 passim
1114 1750 1282 1822 excerptas

171 1838 273 1900 bonae
309 1834 414 1920 frugis
446 1836 527 1899 nihil
560 1837 831 1903 subministrabat.
886 1840 1014 1905 Primus
1043 1863 1122 1906 vero
1156 1841 1282 1904 excussi

171 1937 314 2002 codicem
342 1937 559 2003 bibliothecae
587 1940 716 2004 Civium
744 1940 965 2005 Turicensinm
994 1945 1102 2023 (Mss.
1127 1943 1169 2008 C.
1194 1944 1282 2020 135.)

171 2043 459 2118 membranaceum,
494 2041 724 2126 elegantissime
747 2045 787 2105 ab
808 2043 893 2109 Italo
914 2043 1049 2109 librario
1076 2045 1175 2109 seculi
1195 2045 1283 2109 tertii

171 2143 285 2208 decimi
314 2154 477 2207 exaratum
511 2165 549 2208 ac
574 2144 760 2231 plerumque
793 2167 865 2208 cnm
894 2146 1039 2211 melioris
1070 2159 1164 2212 uotae
1189 2147 1290 2211 libris

168 2246 351 2310 facientem.
460 2293 465 2302 .

232 2350 337 2432 Quum
368 2347 579 2432 Sulpiciae
609 2349 738 2414 satiram
768 2353 872 2416 denuo
898 2355 1120 2417 recensendam
1143 2354 1283 2437 suscipe·

168 2474 253 2526 rem,
290 2463 361 2514 ante
392 2449 500 2515 omnia
528 2451 756 2534 dispiciendum
788 2465 875 2530 erat,
913 2477 1065 2540 quaenam
1095 2455 1283 2518 obtinuisset

168 2553 267 2618 lectio
284 2565 354 2616 anto
369 2552 538 2630 Vinctum,
562 2577 623 2641 qua
645 2557 682 2618 de
705 2578 740 2620 re
762 2579 803 2620 ex
823 2556 1026 2634 Schwarzii,
1050 2557 1221 2620 Burmanni
1245 2581 1282 2622 ac

170 2656 387 2720 Wernsdorlii
413 2655 608 2720 editionibus
644 2679 709 2721 non
741 2681 865 2742 semper
894 2659 1012 2723 licebat
1032 2670 1101 2724 tuto
1127 2659 1280 2722 indicare.

170 2760 216 2822 At
239 2760 403 2822 destitutus
425 2759 563 2823 Ausonii
585 2759 779 2824 editionibus
800 2761 954 2847 antiquis,
977 2760 1189 2825 Basileensem
1210 2762 1281 2824 anni

170 2863 264 2926 1523.
290 2865 373 2944 apud
395 2861 599 2926 Valentinum
623 2861 796 2926 Curionem
820 2863 906 2944 typis
929 2886 1112 2946 expressam
1131 2875 1224 2946 atque
1241 2887 1281 2926 ex

168 2977 240 3030 toto
263 2987 334 3028 cum
351 2963 469 3028 Aldina
488 2963 724 3047 conspirantem
745 2987 808 3049 pro
828 2987 930 3029 novae
951 2965 1147 3029 recensionis
1169 2966 1281 3027 lunda-

169 3081 275 3133 mento
297 3067 410 3144 habui,
433 3066 477 3130 ita
498 3078 546 3144 ut,
570 3069 625 3131 ubi
647 3089 728 3149 opus
749 3080 848 3144 esset,
871 3067 957 3132 vitiis
973 3068 1108 3132 Aldinae
1123 3067 1279 3132 Virorum

169 3177 340 3236 doctorum
366 3192 512 3255 measque
535 3171 771 3234 emendationes
793 3170 1028 3235 substituerem.

231 3276 277 3338 Ut
299 3277 339 3336 ad
361 3273 576 3337 Iuvenalis
598 3273 711 3337 satiras
733 3277 883 3359 quasdam
913 3275 1044 3337 selectas
1071 3274 1148 3338 novi
1170 3275 1280 3338 saltem

169 3377 290 3462 aliquid
317 3379 499 3450 accederet,
537 3376 682 3439 consului
716 3387 844 3458 praeter
872 3375 1025 3439 Henninii
1060 3399 1097 3440 ac
1132 3376 1280 3458 Rupertii

168 3478 325 3542 editiones
354 3478 497 3542 codicem
527 3481 799 3543 membranaceum
828 3479 1033 3543 Turicensem
1067 3479 1129 3558 (C.
1154 3501 1183 3540 a.
1210 3481 1280 3560 21.)

171 3580 269 3643 seculi
290 3580 392 3665 quinti
415 3580 547 3656 decimi,
571 3603 662 3643 manu
683 3581 796 3645 Italica
819 3579 917 3643 nitide
940 3581 1112 3662 scriptum,
1137 3580 1187 3643 cui
1211 3582 1280 3662 ple-

169 3704 301 3768 rumque
328 3706 398 3747 cum
429 3682 584 3748 Parisinis
616 3683 800 3749 Achaintrii
836 3694 929 3769 atque
960 3682 1099 3748 editione
1131 3681 1279 3766 principe

169 3785 332 3849 convenit.

231 3888 293 3952 His
321 3886 470 3953 subiunxi
501 3889 609 3972 primo
640 3891 717 3954 loco
747 3890 901 3952 delectum
935 3887 1278 3972 Epigramrnatnm

168 3992 389 4056 concinnatum
417 4015 457 4055 ex
486 3993 689 4076 Anthologia
710 3990 903 4065 Burmanni,
941 3991 1143 4056 Collectione
1166 3994 1279 4057 Pisau-

166 4094 272 4172 rensi,
306 4094 458 4158 Martiale
484 4095 700 4169 etAnsonio,
737 4091 923 4178 aptumque,
961 4105 994 4155 ut
1017 4095 1154 4176 opinor,
1189 4100 1278 4158 etad

165 4196 306 4260 lectores
326 4196 551 4261 exhilarandos
573 4207 603 4259 et
624 4201 663 4259 ad
684 4219 771 4259 usum
794 4195 956 4281 magistri,
995 4197 1066 4282 qui,
1104 4201 1176 4260 dnm
1208 4221 1276 4261 eum

167 4297 411 4383 interpretatur,
434 4297 523 4363 varia
542 4297 724 4364 literaturae
740 4311 772 4364 et
787 4298 982 4385 antiquitatis
995 4303 1159 4366 Romanae
1175 4298 1277 4381 capito
