2952 4826
431 955 618 1031 EDITOR
652 955 979 1033 LECTORIBUS.

602 1133 804 1146 a*

212 1297 316 1377 Quum
336 1295 502 1377 Gymnasii
518 1295 740 1362 Turicensium
756 1295 905 1362 Carolini
924 1299 990 1362 hoc
1008 1297 1050 1362 sit
1068 1296 1261 1375 institutum,

148 1409 181 1460 ut
202 1397 235 1460 in
255 1397 354 1462 classe
371 1396 572 1482 philologica
591 1397 792 1484 eloquentiae
809 1399 981 1481 professor
1001 1420 1059 1464 suo
1081 1421 1122 1463 ex
1140 1399 1261 1466 iudicio

146 1505 317 1584 poetarum
339 1501 532 1567 Latinorum
558 1503 612 1566 vel
627 1503 724 1567 locos
744 1503 882 1568 selectos
902 1503 954 1566 vel
968 1501 1101 1588 'integra
1122 1503 1263 1568 earmina

147 1615 304 1685 exponat,
341 1605 456 1690 quibus
482 1605 603 1669 scholis
633 1605 785 1670 iuteresse
814 1606 918 1670 solent
940 1627 957 1669 e
978 1604 1112 1690 reliquis
1133 1627 1263 1691 quoque

147 1705 299 1768 classibus
328 1707 492 1771 auditores
521 1707 713 1783 voluntarii,
750 1719 827 1790 post
849 1706 1001 1784 Ovidium
1022 1706 1262 1792 Virgiliumque

145 1806 179 1872 in
202 1807 355 1892 Collegio
377 1808 582 1873 humanitatis
603 1808 731 1873 domive
752 1809 931 1892 perlectos,
957 1809 1004 1873 uti
1024 1808 1167 1892 postulat
1187 1829 1262 1872 usus

146 1922 178 1972 et
199 1908 305 1986 ratio,
328 1913 369 1973 ad
382 1910 555 1976 Horatium
575 1911 754 1986 accessuri,
778 1910 854 1974 satis
878 1911 1011 1995 cognito
1033 1913 1099 1975 hoc
1120 1909 1261 1974 omnium

144 2011 292 2096 principe
315 2012 456 2096 optabile
479 2034 553 2076 sane
573 2025 658 2102 erat,
680 2025 715 2076 ut
734 2011 883 2094 deinceps
903 2015 943 2076 ad
962 2021 1142 2076 ceterorum
1165 2010 1262 2076 etiam

144 2113 316 2179 lectionem
335 2114 498 2196 paullatim
517 2119 783 2197 perducerentur.
827 2113 957 2180 Etenim
971 2113 1020 2178 illi
1035 2135 1181 2199 quoque,
1205 2114 1263 2198 qui

34 2267 54 2301 r-
144 2217 257 2279 harum
278 2215 442 2280 literarum
464 2217 605 2302 ingenuo
627 2239 736 2284 amore
760 2217 847 2299 capti
867 2228 993 2282 strenue
1013 2239 1051 2280 ac
1074 2226 1188 2298 sponte
1206 2239 1262 2280 sua

34 2309 39 2330 ²
143 2318 183 2382 iis
206 2341 338 2401 operam
360 2322 436 2382 dare
457 2332 612 2404 pergunt,
635 2319 730 2384 novis
748 2318 901 2396 subinde,
924 2341 964 2382 ne
980 2329 1082 2382 cesset
1096 2319 1260 2395 voluntas,

33 2408 35 2416 '
141 2419 304 2485 illecebris
322 2421 482 2486 retinendi
504 2421 665 2486 videntur.
710 2425 838 2487 Horum
861 2420 962 2506 igitur
980 2419 1160 2485 commodis
1181 2443 1262 2504 pro·

32 2540 35 2615 l
138 2523 278 2606 spiciens
307 2522 449 2587 libellum
471 2514 671 2588 auditoribus
692 2525 771 2588 meis
793 2526 979 2588 tradendum
1006 2521 1131 2598 censui,
1167 2522 1256 2586 cuius

30 2694 34 2702 ¹
143 2626 264 2710 exiguo
297 2625 459 2690 volumine
487 2629 845 2710 comprehenderentur
881 2624 1073 2688 Latinorum
1108 2628 1260 2707 po'e'm'ata

32 2740 44 2804 ,⁸
144 2727 378 2812 elegantissima
390 2750 534 2814 quaeque
544 2742 576 2793 et
586 2729 735 2812 publicae
747 2726 1005 2812 interpretationi
1016 2727 1258 2817 quammaxime

29 2820 33 2865 ³
143 2819 231 2912 apta.
277 2832 343 2894 Sed
363 2830 398 2894 id
419 2854 549 2918 quoque
566 2835 771 2915 spectandum
786 2843 872 2907 erat,
895 2841 929 2893 ut
944 2851 1024 2912 quae
1040 2828 1260 2912 collegissem,

143 2931 283 3015 speciem
302 2937 458 3018 quandam
480 2934 647 3025 universae
668 2945 797 3016 praeter
815 2931 973 2997 scenicam
995 2935 1079 3014 apud
1094 2934 1261 2997 Romanos

143 3038 284 3117 poe'seos
305 3035 495 3099 exhiberent
517 3047 549 3099 et
573 3039 613 3098 ad
632 3036 759 3122 reliqua
782 3036 921 3099 eiusdem
948 3044 1148 3098 monumenta
1171 3043 1260 3098 recte

144 3135 350 3220 intelligenda
378 3136 462 3199 viam
488 3141 628 3222 quodam
660 3140 758 3203 modo
787 3139 944 3203 munirent
965 3143 1122 3204 bonarum
1144 3137 1260 3200 artium

145 3236 308 3302 studiosis.
352 3241 475 3302 Verum
497 3262 568 3304 mco
590 3263 653 3323 pro
677 3240 813 3308 consilio
835 3243 944 3324 paullo
968 3242 1077 3316 aliter,
1110 3263 1205 3324 quam
1227 3239 1260 3302 iu

144 3339 364 3405 huiuscemodi
382 3341 595 3427 Authologiis
616 3344 688 3408 fieri
707 3366 801 3428 saepe
823 3344 984 3420 videmus,
1008 3354 1149 3408 versatus
1171 3365 1258 3416 sum;

144 3441 172 3506 si
192 3440 319 3528 quidem
342 3442 534 3508 lectionibus
554 3445 631 3527 ipsis
655 3448 815 3512 reservari
838 3449 1010 3522 debebant,
1047 3467 1128 3530 qnae
1149 3444 1200 3506 vel
1220 3448 1260 3506 ad

147 3545 384 3626 grammaticam
413 3546 711 3629 interpretationem
740 3551 792 3614 'vel
821 3554 861 3613 ad
888 3554 1059 3633 poetarum
1082 3559 1182 3610 artem
1204 3551 1259 3610 de-

146 3650 381 3710 monstrandam
411 3649 546 3733 proprie
574 3651 789 3732 pertinerent3
826 3666 891 3716 tum
921 3641 1103 3738 significare
1131 3648 1258 3731 potius,

145 3768 241 3832 quam
263 3750 428 3816 enucleare
459 3765 703 3818 consentaneum
725 3768 794 3819 erat
820 3778 871 3819 res
898 3751 1135 3837 mythologicas
1164 3763 1259 3837 atque

143 3848 333 3927 historicas,
354 3863 406 3930 ut,
429 3877 526 3938 quum
549 3855 731 3921 accuratior
752 3880 858 3922 earum
880 3855 1049 3940 expositio
1065 3878 1082 3918 a
1101 3853 1258 3938 magistro

142 3963 224 4014 esset
245 3958 431 4036 repetenda,
468 3958 639 4026 memoriae
669 3970 773 4022 tamen
803 3960 999 4046 aliquatenus
1020 3956 1257 4022 subveniretur.

141 4053 209 4120 Uti
231 4077 311 4120 vero
338 4056 445 4139 plures
467 4059 558 4124 unius
581 4060 648 4126 loci
666 4063 947 4146 interpretationes
970 4070 1148 4136 exstarent,
1171 4079 1256 4130 earn,

142 4177 223 4238 quae
242 4155 354 4224 verior
373 4149 452 4222 mihi
474 4161 544 4225 visa
567 4175 666 4240 esset,
690 4176 743 4227 aut
764 4167 803 4228 ab
826 4165 897 4230 aliis
915 4176 1074 4248 repertam
1097 4173 1150 4226 aut
1172 4182 1190 4222 a
1208 4179 1256 4219 me

140 4255 214 4339 ipso
237 4258 453 4342 excogitatam
475 4261 618 4330 indicare
639 4289 716 4332 raro
732 4270 875 4354 neglexi,
900 4290 939 4333 ne
958 4265 1271 4356 nimisjtluctuarentx

184 4357 274 4412 Eclogae
289 4359 344 4400 Post.
359 4361 401 4403 Lat.
985 4377 1001 4436 1
