2948 4820
229 213 296 280 3110

236 365 304 438 Τὸν
323 364 357 437 δ’
385 362 610 462 ὀλοφύρονται
631 370 693 456 μέν
712 361 801 454 ὁμῶς
823 368 891 435 νέοι
911 361 970 449 ἠδὲ
993 365 1159 453 γέροντες,

293 467 445 561 ἀργαλέῳ
465 495 499 538 τε
522 466 625 562 πόθῳ
649 470 744 536 πάσα
767 471 879 551 κέκηὸε
900 463 1006 546 πόλις.

233 575 304 640 Καλ
321 570 446 661 τύμβος
464 577 519 640 καὶ
540 574 655 650 παῖδες
672 573 706 638 έν
726 567 921 660 ἀνθρώποις
942 565 1100 659 άρέσημσι

296 680 352 742 καλ
374 676 500 742 παίδων
517 675 632 751 παῖδες
656 678 713 740 καὶ
732 676 824 760 γένος
845 673 991 753 ἐξοπίσω.
1314 673 1358 733 30

238 771 400 843 Οὐδέποτε
421 779 514 853 κλέος
532 771 660 842 έσθλὸν
681 769 867 841 ἀπόλλυται
890 769 962 840 οὐδ’
983 769 1079 860 ὄνομ’
1103 769 1208 839 αὐτοῦ
1215 824 1224 851 ,
1284 857 1287 862 1

255 915 258 920 -
296 875 373 946 ἀλλ’
396 873 461 946 άπὸ
479 878 540 964 γῆς
558 901 618 964 περ
640 872 717 956 ἐών,
738 877 882 962 γίγνεται
904 872 1098 955 ἀθάνατος,

233 969 338 1048 ὅντιν’
361 974 579 1068 ἀριστεύοντα
603 975 743 1064 μένοντά
766 1003 799 1046 τε
819 967 1030 1065 μαρνάμενον
1051 1003 1085 1044 τε

296 1081 358 1167 γῆς
377 1083 452 1171 πέρι
473 1085 529 1148 καὶ
550 1082 676 1147 παίδων
695 1081 827 1170 θοῦρος
839 1077 945 1168 ’Ἄρης
966 1077 1072 1174 ὀλέσῃ.

233 1177 281 1250 Εἰ
298 1185 333 1250 δὲ
355 1177 445 1275 φάγῃ
465 1189 526 1270 μέν
549 1183 635 1271 κῆρα
657 1185 848 1268 τανηλεγέος
869 1179 1056 1263 θανάτοιο,

293 1280 432 1366 νικήσας
453 1279 486 1351 δ’
514 1280 634 1372 αἰχμῆς
657 1279 783 1369 άγλαὸν
804 1271 897 1371 σάγος
922 1287 994 1377 ἕλῃ,

233 1379 352 1464 πάντες
371 1412 429 1474 μιν
450 1387 588 1471 τιμῶσιν
609 1381 696 1473 ὁμῶς
719 1389 788 1452 νέοι
812 1382 869 1466 ἠδέ
890 1386 1043 1466 παλαιοί,

298 1483 408 1555 πολλά
430 1489 464 1554 δὲ
486 1484 607 1577 τερπνά
629 1485 754 1555 παθὼν
776 1486 904 1576 ἔρχεται
928 1485 974 1566 εἰς
990 1485 1115 1571 Ἀΐδην.

235 1583 365 1667 Πάντες
390 1584 423 1656 δ’
450 1590 485 1656 έν
508 1585 674 1656 θάκοισιν
702 1584 790 1676 ὁμῶς
815 1592 882 1656 νέοι
904 1585 940 1656 οἰ’
962 1614 996 1658 τε
1021 1588 1095 1657 κατ’
1123 1587 1225 1659 αὐτὸν

298 1685 422 1758 εἴκονσ’
446 1692 481 1756 έιι
498 1687 607 1780 χώρης
629 1685 713 1757 οἵτε
734 1687 965 1782 παλαιότεροι·
1313 1699 1356 1758 40

234 1785 408 1882 γηράσκον
427 1787 460 1858 δ’
483 1789 616 1859 άστοῐσι
640 1796 853 1882 μεταπρέπει·
877 1789 954 1860 οὐδέ
973 1819 1024 1873 τις
1045 1790 1147 1862 αὐτὸν

296 1888 455 1978 βλάπτειν
475 1889 545 1960 οὔτ’
570 1890 685 1972 αἰδοῦς
707 1891 781 1960 οὔτε
802 1895 892 1977 δίκης
914 1897 1034 1964 ἐθέλει.

241 1990 373 2075 Ταύτης
393 1996 451 2061 νῦν
472 2019 524 2073 τις
543 1990 628 2085 ἀνὴρ
650 1991 768 2084 άρετῆς
788 1992 834 2074 εἰς
855 1993 959 2086 άιιρον
980 2001 1116 2066 ἱκέσθαι

298 2090 476 2186 πειράσθω
497 2098 622 2188 θυμῷ,
641 2098 688 2182 μὴ
707 2103 840 2183 μεθιεὶς
860 2093 1013 2184 πόλεμον.
