<?xml version="1.0" encoding="UTF-8"?>
<!DOCTYPE html PUBLIC "-//W3C//DTD XHTML 1.0 Transitional//EN"
    "http://www.w3.org/TR/xhtml1/DTD/xhtml1-transitional.dtd">
<html xmlns="http://www.w3.org/1999/xhtml" xml:lang="en" lang="en">
 <head>
  <title>
</title>
<meta http-equiv="Content-Type" content="text/html;charset=utf-8" />
  <meta name='ocr-system' content='tesseract 3.04.00' />
  <meta name='ocr-capabilities' content='ocr_page ocr_carea ocr_par ocr_line ocrx_word'/>
</head>
<body>
  <div class='ocr_page' id='page_1' title='image "./eclogaepoetarum01orelgoog_0032.png"; bbox 0 0 2952 4826; ppageno 0'>
   <div class='ocr_carea' id='block_1_1' title="bbox 174 369 1310 1474">
    <p class='ocr_par' dir='ltr' id='par_1_1' title="bbox 174 369 1310 965">
     <span class='ocr_line' id='line_1_1' title="bbox 174 369 1064 453; baseline -0.002 -18"><span class='ocrx_word' id='word_1_1' title='bbox 174 372 341 453; x_wconf 83' lang='lat' dir='ltr'><strong>Tympana</strong></span> <span class='ocrx_word' id='word_1_2' title='bbox 360 380 444 434; x_wconf 88' lang='lat' dir='ltr'><strong>tenta</strong></span> <span class='ocrx_word' id='word_1_3' title='bbox 464 380 574 435; x_wconf 90' lang='lat' dir='ltr'><strong>tonant</strong></span> <span class='ocrx_word' id='word_1_4' title='bbox 595 369 707 452; x_wconf 87' lang='lat' dir='ltr'><strong>palmis</strong></span> <span class='ocrx_word' id='word_1_5' title='bbox 729 380 761 434; x_wconf 93' lang='lat' dir='ltr'><strong>et</strong></span> <span class='ocrx_word' id='word_1_6' title='bbox 783 371 927 452; x_wconf 88' lang='lat' dir='ltr'><strong>cymbala</strong></span> <span class='ocrx_word' id='word_1_7' title='bbox 944 371 1064 434; x_wconf 88' lang='lat' dir='ltr'><strong>circum</strong></span> 
     </span>
     <span class='ocr_line' id='line_1_2' title="bbox 174 467 1310 558; baseline -0.002 -20"><span class='ocrx_word' id='word_1_8' title='bbox 174 473 330 538; x_wconf 79' lang='lat' dir='ltr'>Concava</span> <span class='ocrx_word' id='word_1_9' title='bbox 350 471 586 558; x_wconf 84' lang='lat' dir='ltr'><strong>raucisonoque</strong></span> <span class='ocrx_word' id='word_1_10' title='bbox 608 471 765 536; x_wconf 89' lang='lat' dir='ltr'><strong>minantur</strong></span> <span class='ocrx_word' id='word_1_11' title='bbox 782 495 902 537; x_wconf 88' lang='lat' dir='ltr'><strong>cornua</strong></span> <span class='ocrx_word' id='word_1_12' title='bbox 921 484 1014 536; x_wconf 90' lang='lat' dir='ltr'><strong>cantu</strong></span> <span class='ocrx_word' id='word_1_13' title='bbox 1223 473 1286 536; x_wconf 33' lang='lat'><strong>620*</strong></span> <span class='ocrx_word' id='word_1_14' title='bbox 1306 467 1310 478; x_wconf 84' lang='grc'><em>’</em></span> 
     </span>
     <span class='ocr_line' id='line_1_3' title="bbox 176 573 1074 658; baseline -0.003 -18"><span class='ocrx_word' id='word_1_15' title='bbox 176 578 222 640; x_wconf 91' lang='lat' dir='ltr'><strong>Et</strong></span> <span class='ocrx_word' id='word_1_16' title='bbox 243 573 390 658; x_wconf 83' lang='lat' dir='ltr'><strong>Phrygio</strong></span> <span class='ocrx_word' id='word_1_17' title='bbox 412 574 549 637; x_wconf 89' lang='lat' dir='ltr'><strong>stimulat</strong></span> <span class='ocrx_word' id='word_1_18' title='bbox 569 597 701 639; x_wconf 89' lang='lat' dir='ltr'><strong>numero</strong></span> <span class='ocrx_word' id='word_1_19' title='bbox 725 597 803 640; x_wconf 91' lang='lat' dir='ltr'><strong>cava</strong></span> <span class='ocrx_word' id='word_1_20' title='bbox 824 574 903 638; x_wconf 89' lang='lat' dir='ltr'><strong>tibia</strong></span> <span class='ocrx_word' id='word_1_21' title='bbox 925 573 1074 649; x_wconf 91' lang='lat' dir='ltr'><strong>menteis;</strong></span> 
     </span>
     <span class='ocr_line' id='line_1_4' title="bbox 179 676 996 762; baseline -0.001 -21"><span class='ocrx_word' id='word_1_22' title='bbox 179 677 318 762; x_wconf 85' lang='lat' dir='ltr'>Telaque</span> <span class='ocrx_word' id='word_1_23' title='bbox 338 686 565 759; x_wconf 89' lang='lat' dir='ltr'><strong>praeportant,</strong></span> <span class='ocrx_word' id='word_1_24' title='bbox 589 676 725 742; x_wconf 89' lang='lat' dir='ltr'><strong>violenti</strong></span> <span class='ocrx_word' id='word_1_25' title='bbox 746 677 836 761; x_wconf 86' lang='lat' dir='ltr'><strong>signa</strong></span> <span class='ocrx_word' id='word_1_26' title='bbox 857 676 996 754; x_wconf 85' lang='lat' dir='ltr'><strong>furoris,</strong></span> 
     </span>
     <span class='ocr_line' id='line_1_5' title="bbox 176 777 971 864; baseline -0.001 -22"><span class='ocrx_word' id='word_1_27' title='bbox 176 781 326 863; x_wconf 85' lang='lat' dir='ltr'><strong>Ingratos</strong></span> <span class='ocrx_word' id='word_1_28' title='bbox 346 778 467 843; x_wconf 87' lang='lat' dir='ltr'><strong>animos</strong></span> <span class='ocrx_word' id='word_1_29' title='bbox 487 789 582 864; x_wconf 89' lang='lat' dir='ltr'><strong>atque</strong></span> <span class='ocrx_word' id='word_1_30' title='bbox 602 777 700 862; x_wconf 93' lang='lat' dir='ltr'><strong>impia</strong></span> <span class='ocrx_word' id='word_1_31' title='bbox 721 791 855 862; x_wconf 77' lang='lat' dir='ltr'><strong>pectora</strong></span> <span class='ocrx_word' id='word_1_32' title='bbox 877 778 971 862; x_wconf 88' lang='lat' dir='ltr'><strong>volgi</strong></span> 
     </span>
     <span class='ocr_line' id='line_1_6' title="bbox 178 879 1004 965; baseline -0.002 -19"><span class='ocrx_word' id='word_1_33' title='bbox 178 880 375 946; x_wconf 88' lang='lat' dir='ltr'><strong>Conterrere</strong></span> <span class='ocrx_word' id='word_1_34' title='bbox 399 892 483 944; x_wconf 90' lang='lat' dir='ltr'><strong>metu</strong></span> <span class='ocrx_word' id='word_1_35' title='bbox 504 902 585 965; x_wconf 89' lang='lat' dir='ltr'><strong>quae</strong></span> <span class='ocrx_word' id='word_1_36' title='bbox 605 879 732 962; x_wconf 84' lang='lat' dir='ltr'><strong>possint</strong></span> <span class='ocrx_word' id='word_1_37' title='bbox 752 881 878 944; x_wconf 90' lang='lat' dir='ltr'><strong>numine</strong></span> <span class='ocrx_word' id='word_1_38' title='bbox 900 881 1004 944; x_wconf 87' lang='lat' dir='ltr'><strong>divae.</strong></span> 
     </span>
    </p>

    <p class='ocr_par' dir='ltr' id='par_1_2' title="bbox 175 981 1146 1474">
     <span class='ocr_line' id='line_1_7' title="bbox 239 981 1135 1068; baseline -0.002 -22"><span class='ocrx_word' id='word_1_39' title='bbox 239 985 351 1067; x_wconf 81' lang='lat' dir='ltr'><strong>Ergo,</strong></span> <span class='ocrx_word' id='word_1_40' title='bbox 374 1005 471 1068; x_wconf 92' lang='lat' dir='ltr'><strong>quom</strong></span> <span class='ocrx_word' id='word_1_41' title='bbox 492 982 627 1066; x_wconf 91' lang='lat' dir='ltr'><strong>primum</strong></span> <span class='ocrx_word' id='word_1_42' title='bbox 651 1004 779 1067; x_wconf 85' lang='lat' dir='ltr'><strong>magnas</strong></span> <span class='ocrx_word' id='word_1_43' title='bbox 799 982 926 1047; x_wconf 89' lang='lat' dir='ltr'><strong>invecta</strong></span> <span class='ocrx_word' id='word_1_44' title='bbox 946 1004 1006 1065; x_wconf 89' lang='lat' dir='ltr'><strong>per</strong></span> <span class='ocrx_word' id='word_1_45' title='bbox 1029 981 1135 1046; x_wconf 88' lang='lat' dir='ltr'><strong>urbeis</strong></span> 
     </span>
     <span class='ocr_line' id='line_1_8' title="bbox 176 1083 893 1161; baseline -0.001 -12"><span class='ocrx_word' id='word_1_46' title='bbox 176 1084 348 1149; x_wconf 87' lang='lat' dir='ltr'><strong>Munificat</strong></span> <span class='ocrx_word' id='word_1_47' title='bbox 371 1084 468 1148; x_wconf 88' lang='lat' dir='ltr'><strong>tacita</strong></span> <span class='ocrx_word' id='word_1_48' title='bbox 489 1083 651 1149; x_wconf 89' lang='lat' dir='ltr'><strong>mortaleis</strong></span> <span class='ocrx_word' id='word_1_49' title='bbox 672 1097 757 1147; x_wconf 90' lang='lat' dir='ltr'><strong>muta</strong></span> <span class='ocrx_word' id='word_1_50' title='bbox 779 1085 893 1161; x_wconf 87' lang='lat' dir='ltr'><strong>salute,</strong></span> 
     </span>
     <span class='ocr_line' id='line_1_9' title="bbox 175 1185 1061 1272; baseline -0.003 -21"><span class='ocrx_word' id='word_1_51' title='bbox 175 1191 264 1251; x_wconf 89' lang='lat' dir='ltr'><strong>Aere</strong></span> <span class='ocrx_word' id='word_1_52' title='bbox 287 1197 381 1272; x_wconf 90' lang='lat' dir='ltr'><strong>atque</strong></span> <span class='ocrx_word' id='word_1_53' title='bbox 403 1199 537 1271; x_wconf 85' lang='lat' dir='ltr'><strong>argento</strong></span> <span class='ocrx_word' id='word_1_54' title='bbox 560 1198 703 1250; x_wconf 88' lang='lat' dir='ltr'><strong>sternunt</strong></span> <span class='ocrx_word' id='word_1_55' title='bbox 724 1185 786 1249; x_wconf 89' lang='lat' dir='ltr'><strong>iter</strong></span> <span class='ocrx_word' id='word_1_56' title='bbox 808 1208 900 1251; x_wconf 90' lang='lat' dir='ltr'><strong>omne</strong></span> <span class='ocrx_word' id='word_1_57' title='bbox 921 1186 1061 1262; x_wconf 88' lang='lat' dir='ltr'><strong>viarum,</strong></span> 
     </span>
     <span class='ocr_line' id='line_1_10' title="bbox 175 1287 1002 1373; baseline -0.004 -21"><span class='ocrx_word' id='word_1_58' title='bbox 175 1287 342 1372; x_wconf 84' lang='lat' dir='ltr'><strong>Largitica</strong></span> <span class='ocrx_word' id='word_1_59' title='bbox 361 1289 442 1370; x_wconf 88' lang='lat' dir='ltr'><strong>stipe</strong></span> <span class='ocrx_word' id='word_1_60' title='bbox 464 1288 615 1364; x_wconf 82' lang='lat' dir='ltr'><strong>ditantes3</strong></span> <span class='ocrx_word' id='word_1_61' title='bbox 638 1288 834 1373; x_wconf 84' lang='lat' dir='ltr'><strong>ninguntque</strong></span> <span class='ocrx_word' id='word_1_62' title='bbox 856 1310 1002 1352; x_wconf 87' lang='lat' dir='ltr'><strong>rosarum</strong></span> 
     </span>
     <span class='ocr_line' id='line_1_11' title="bbox 175 1389 1146 1474; baseline 0 -20"><span class='ocrx_word' id='word_1_63' title='bbox 175 1389 345 1465; x_wconf 90' lang='lat' dir='ltr'><strong>Floribus,</strong></span> <span class='ocrx_word' id='word_1_64' title='bbox 369 1393 549 1454; x_wconf 76' lang='lat' dir='ltr'><strong>umbrantes</strong></span> <span class='ocrx_word' id='word_1_65' title='bbox 572 1393 713 1454; x_wconf 87' lang='lat' dir='ltr'><strong>Matrem</strong></span> <span class='ocrx_word' id='word_1_66' title='bbox 737 1389 950 1474; x_wconf 86' lang='lat' dir='ltr'><strong>comitumque</strong></span> <span class='ocrx_word' id='word_1_67' title='bbox 974 1401 1146 1454; x_wconf 87' lang='lat' dir='ltr'><strong>catervam.</strong></span> 
     </span>
    </p>
   </div>
   <div class='ocr_carea' id='block_1_2' title="bbox 176 1491 1383 1568">
    <p class='ocr_par' dir='ltr' id='par_1_3' title="bbox 176 1491 1383 1568">
     <span class='ocr_line' id='line_1_12' title="bbox 176 1491 1383 1568; baseline 0.002 -13"><span class='ocrx_word' id='word_1_68' title='bbox 176 1493 242 1556; x_wconf 93' lang='lat' dir='ltr'><strong>Hic</strong></span> <span class='ocrx_word' id='word_1_69' title='bbox 263 1504 382 1555; x_wconf 87' lang='lat' dir='ltr'><strong>armata</strong></span> <span class='ocrx_word' id='word_1_70' title='bbox 405 1514 531 1568; x_wconf 91' lang='lat' dir='ltr'><strong>manus,</strong></span> <span class='ocrx_word' id='word_1_71' title='bbox 555 1492 690 1558; x_wconf 89' lang='lat' dir='ltr'><strong>Curetas</strong></span> <span class='ocrx_word' id='word_1_72' title='bbox 710 1492 837 1557; x_wconf 91' lang='lat' dir='ltr'><strong>nomine</strong></span> <span class='ocrx_word' id='word_1_73' title='bbox 861 1491 954 1554; x_wconf 89' lang='lat' dir='ltr'><strong>Graii</strong></span> <span class='ocrx_word' id='word_1_74' title='bbox 1225 1497 1286 1560; x_wconf 73' lang='lat'><strong>(130</strong></span> <span class='ocrx_word' id='word_1_75' title='bbox 1380 1527 1383 1534; x_wconf 65' lang='lat'>=</span> 
     </span>
    </p>
   </div>
   <div class='ocr_carea' id='block_1_3' title="bbox 177 1594 1286 2393">
    <p class='ocr_par' dir='ltr' id='par_1_4' title="bbox 177 1594 1084 1679">
     <span class='ocr_line' id='line_1_13' title="bbox 177 1594 1084 1679; baseline 0.001 -23"><span class='ocrx_word' id='word_1_76' title='bbox 177 1595 269 1674; x_wconf 83' lang='lat' dir='ltr'><strong>Quos</strong></span> <span class='ocrx_word' id='word_1_77' title='bbox 290 1605 465 1658; x_wconf 89' lang='lat' dir='ltr'><strong>memorant</strong></span> <span class='ocrx_word' id='word_1_78' title='bbox 483 1595 666 1679; x_wconf 84' lang='lat' dir='ltr'><strong>Phrygios,</strong></span> <span class='ocrx_word' id='word_1_79' title='bbox 688 1595 770 1658; x_wconf 89' lang='lat' dir='ltr'><strong>inter</strong></span> <span class='ocrx_word' id='word_1_80' title='bbox 792 1617 825 1658; x_wconf 89' lang='lat' dir='ltr'><strong>se</strong></span> <span class='ocrx_word' id='word_1_81' title='bbox 846 1594 934 1658; x_wconf 86' lang='lat' dir='ltr'><strong>sorte</strong></span> <span class='ocrx_word' id='word_1_82' title='bbox 958 1604 1084 1657; x_wconf 87' lang='lat' dir='ltr'><strong>catenas</strong></span> 
     </span>
    </p>

    <p class='ocr_par' dir='ltr' id='par_1_5' title="bbox 179 1696 1104 1884">
     <span class='ocr_line' id='line_1_14' title="bbox 179 1696 1104 1782; baseline 0 -23"><span class='ocrx_word' id='word_1_83' title='bbox 179 1700 309 1760; x_wconf 89' lang='lat' dir='ltr'><strong>Ludunt</strong></span> <span class='ocrx_word' id='word_1_84' title='bbox 332 1696 365 1760; x_wconf 94' lang='lat' dir='ltr'><strong>in</strong></span> <span class='ocrx_word' id='word_1_85' title='bbox 385 1718 611 1781; x_wconf 79' lang='lat' dir='ltr'><strong>numerumque</strong></span> <span class='ocrx_word' id='word_1_86' title='bbox 632 1697 804 1774; x_wconf 85' lang='lat' dir='ltr'><strong>exsultant,</strong></span> <span class='ocrx_word' id='word_1_87' title='bbox 828 1696 979 1782; x_wconf 86' lang='lat' dir='ltr'><strong>sanguine</strong></span> <span class='ocrx_word' id='word_1_88' title='bbox 1001 1696 1104 1772; x_wconf 88' lang='lat' dir='ltr'><strong>fletei;</strong></span> 
     </span>
     <span class='ocr_line' id='line_1_15' title="bbox 179 1797 1006 1884; baseline -0.001 -21"><span class='ocrx_word' id='word_1_89' title='bbox 179 1798 353 1863; x_wconf 87' lang='lat' dir='ltr'><strong>Terrificas</strong></span> <span class='ocrx_word' id='word_1_90' title='bbox 375 1797 511 1881; x_wconf 90' lang='lat' dir='ltr'><strong>capitum</strong></span> <span class='ocrx_word' id='word_1_91' title='bbox 531 1797 707 1884; x_wconf 87' lang='lat' dir='ltr'><strong>quatientes</strong></span> <span class='ocrx_word' id='word_1_92' title='bbox 727 1799 854 1862; x_wconf 91' lang='lat' dir='ltr'><strong>numine</strong></span> <span class='ocrx_word' id='word_1_93' title='bbox 876 1799 1006 1875; x_wconf 85' lang='lat' dir='ltr'><strong>cristas,</strong></span> 
     </span>
    </p>

    <p class='ocr_par' dir='ltr' id='par_1_6' title="bbox 177 1900 999 1986">
     <span class='ocr_line' id='line_1_16' title="bbox 177 1900 999 1986; baseline -0.004 -20"><span class='ocrx_word' id='word_1_94' title='bbox 177 1901 330 1966; x_wconf 84' lang='lat' dir='ltr'><strong>Dictaeos</strong></span> <span class='ocrx_word' id='word_1_95' title='bbox 351 1901 495 1964; x_wconf 83' lang='lat' dir='ltr'><strong>referunt</strong></span> <span class='ocrx_word' id='word_1_96' title='bbox 518 1900 672 1978; x_wconf 86' lang='lat' dir='ltr'><strong>Curetas,</strong></span> <span class='ocrx_word' id='word_1_97' title='bbox 695 1901 769 1986; x_wconf 89' lang='lat' dir='ltr'><strong>quei</strong></span> <span class='ocrx_word' id='word_1_98' title='bbox 787 1901 878 1965; x_wconf 88' lang='lat' dir='ltr'><strong>lovis</strong></span> <span class='ocrx_word' id='word_1_99' title='bbox 902 1901 999 1966; x_wconf 91' lang='lat' dir='ltr'><strong>ollum</strong></span> 
     </span>
    </p>

    <p class='ocr_par' dir='ltr' id='par_1_7' title="bbox 178 2003 1286 2188">
     <span class='ocr_line' id='line_1_17' title="bbox 179 2003 1286 2088; baseline 0.001 -20"><span class='ocrx_word' id='word_1_100' title='bbox 179 2003 331 2088; x_wconf 86' lang='lat' dir='ltr'><strong>Vagitum</strong></span> <span class='ocrx_word' id='word_1_101' title='bbox 352 2003 384 2066; x_wconf 90' lang='lat' dir='ltr'><strong>in</strong></span> <span class='ocrx_word' id='word_1_102' title='bbox 407 2003 506 2069; x_wconf 90' lang='lat' dir='ltr'><strong>Creta</strong></span> <span class='ocrx_word' id='word_1_103' title='bbox 527 2006 687 2088; x_wconf 89' lang='lat' dir='ltr'><strong>quondam</strong></span> <span class='ocrx_word' id='word_1_104' title='bbox 710 2004 886 2067; x_wconf 87' lang='lat' dir='ltr'><strong>occultasse</strong></span> <span class='ocrx_word' id='word_1_105' title='bbox 905 2004 1070 2078; x_wconf 82' lang='lat' dir='ltr'><strong>seruntur3</strong></span> <span class='ocrx_word' id='word_1_106' title='bbox 1227 2008 1286 2070; x_wconf 80' lang='lat'><strong>635</strong></span> 
     </span>
     <span class='ocr_line' id='line_1_18' title="bbox 178 2103 996 2188; baseline 0.002 -21"><span class='ocrx_word' id='word_1_107' title='bbox 178 2106 284 2185; x_wconf 84' lang='lat' dir='ltr'><strong>Quom</strong></span> <span class='ocrx_word' id='word_1_108' title='bbox 304 2104 416 2187; x_wconf 88' lang='lat' dir='ltr'><strong>puerei</strong></span> <span class='ocrx_word' id='word_1_109' title='bbox 434 2103 554 2169; x_wconf 89' lang='lat' dir='ltr'><strong>circum</strong></span> <span class='ocrx_word' id='word_1_110' title='bbox 572 2127 704 2188; x_wconf 90' lang='lat' dir='ltr'><strong>puerum</strong></span> <span class='ocrx_word' id='word_1_111' title='bbox 722 2105 854 2188; x_wconf 87' lang='lat' dir='ltr'><strong>pernice</strong></span> <span class='ocrx_word' id='word_1_112' title='bbox 876 2108 996 2170; x_wconf 82' lang='lat' dir='ltr'><strong>chorea</strong></span> 
     </span>
    </p>

    <p class='ocr_par' dir='ltr' id='par_1_8' title="bbox 177 2206 990 2290">
     <span class='ocr_line' id='line_1_19' title="bbox 177 2206 990 2290; baseline -0.002 -18"><span class='ocrx_word' id='word_1_113' title='bbox 177 2206 324 2272; x_wconf 84' lang='lat' dir='ltr'><strong>Armatei</strong></span> <span class='ocrx_word' id='word_1_114' title='bbox 340 2206 372 2270; x_wconf 91' lang='lat' dir='ltr'><strong>in</strong></span> <span class='ocrx_word' id='word_1_115' title='bbox 397 2229 558 2271; x_wconf 90' lang='lat' dir='ltr'><strong>numerum</strong></span> <span class='ocrx_word' id='word_1_116' title='bbox 580 2207 742 2290; x_wconf 84' lang='lat' dir='ltr'><strong>pulsarent</strong></span> <span class='ocrx_word' id='word_1_117' title='bbox 759 2207 886 2271; x_wconf 87' lang='lat' dir='ltr'><strong>aeribus</strong></span> <span class='ocrx_word' id='word_1_118' title='bbox 902 2229 990 2284; x_wconf 84' lang='lat' dir='ltr'><strong>aera,</strong></span> 
     </span>
    </p>

    <p class='ocr_par' dir='ltr' id='par_1_9' title="bbox 178 2307 940 2393">
     <span class='ocr_line' id='line_1_20' title="bbox 178 2307 940 2393; baseline -0.001 -19"><span class='ocrx_word' id='word_1_119' title='bbox 178 2311 229 2374; x_wconf 88' lang='lat' dir='ltr'><strong>Ne</strong></span> <span class='ocrx_word' id='word_1_120' title='bbox 250 2313 404 2374; x_wconf 90' lang='lat' dir='ltr'><strong>Saturnus</strong></span> <span class='ocrx_word' id='word_1_121' title='bbox 426 2331 497 2372; x_wconf 91' lang='lat' dir='ltr'><strong>eum</strong></span> <span class='ocrx_word' id='word_1_122' title='bbox 515 2307 605 2372; x_wconf 89' lang='lat' dir='ltr'><strong>malis</strong></span> <span class='ocrx_word' id='word_1_123' title='bbox 626 2312 787 2372; x_wconf 85' lang='lat' dir='ltr'><strong>mandaret</strong></span> <span class='ocrx_word' id='word_1_124' title='bbox 809 2313 940 2393; x_wconf 88' lang='lat' dir='ltr'><strong>adeptus</strong></span> 
     </span>
    </p>
   </div>
   <div class='ocr_carea' id='block_1_4' title="bbox 178 2409 1288 2597">
    <p class='ocr_par' dir='ltr' id='par_1_10' title="bbox 178 2409 1288 2597">
     <span class='ocr_line' id='line_1_21' title="bbox 178 2409 1023 2496; baseline -0.001 -20"><span class='ocrx_word' id='word_1_125' title='bbox 178 2416 415 2496; x_wconf 87' lang='lat' dir='ltr'><strong>Aeternumque</strong></span> <span class='ocrx_word' id='word_1_126' title='bbox 438 2415 527 2474; x_wconf 88' lang='lat' dir='ltr'><strong>daret</strong></span> <span class='ocrx_word' id='word_1_127' title='bbox 545 2409 640 2473; x_wconf 88' lang='lat' dir='ltr'><strong>matri</strong></span> <span class='ocrx_word' id='word_1_128' title='bbox 660 2413 717 2473; x_wconf 88' lang='lat' dir='ltr'><strong>sub</strong></span> <span class='ocrx_word' id='word_1_129' title='bbox 739 2423 873 2493; x_wconf 92' lang='lat' dir='ltr'><strong>pectore</strong></span> <span class='ocrx_word' id='word_1_130' title='bbox 895 2413 1023 2476; x_wconf 89' lang='lat' dir='ltr'><strong>volnus.</strong></span> 
     </span>
     <span class='ocr_line' id='line_1_22' title="bbox 179 2511 1288 2597; baseline -0.003 -19"><span class='ocrx_word' id='word_1_131' title='bbox 179 2516 359 2596; x_wconf 89' lang='lat' dir='ltr'><strong>Propterea</strong></span> <span class='ocrx_word' id='word_1_132' title='bbox 384 2535 526 2597; x_wconf 85' lang='lat' dir='ltr'><strong>magnam</strong></span> <span class='ocrx_word' id='word_1_133' title='bbox 549 2511 678 2578; x_wconf 85' lang='lat' dir='ltr'><strong>armatei</strong></span> <span class='ocrx_word' id='word_1_134' title='bbox 699 2515 840 2576; x_wconf 90' lang='lat' dir='ltr'><strong>Matrem</strong></span> <span class='ocrx_word' id='word_1_135' title='bbox 862 2514 1075 2577; x_wconf 89' lang='lat' dir='ltr'><strong>comitantur:</strong></span> <span class='ocrx_word' id='word_1_136' title='bbox 1227 2521 1288 2581; x_wconf 75' lang='lat'><strong>640</strong></span> 
     </span>
    </p>
   </div>
   <div class='ocr_carea' id='block_1_5' title="bbox 171 2680 1296 4276">
    <p class='ocr_par' dir='ltr' id='par_1_11' title="bbox 171 2680 1296 4276">
     <span class='ocr_line' id='line_1_23' title="bbox 181 2680 1287 2757; baseline 0.004 -27"><span class='ocrx_word' id='word_1_137' title='bbox 181 2681 284 2757; x_wconf 74' lang='grc' dir='ltr'><em>ὁρμάν.</em></span> <span class='ocrx_word' id='word_1_138' title='bbox 322 2687 442 2739; x_wconf 82' lang='lat' dir='ltr'><strong>Fuerunt,</strong></span> <span class='ocrx_word' id='word_1_139' title='bbox 465 2682 586 2753; x_wconf 75' lang='lat' dir='ltr'><strong>quisenta</strong></span> <span class='ocrx_word' id='word_1_140' title='bbox 603 2686 698 2743; x_wconf 85' lang='lat' dir='ltr'><strong>antique</strong></span> <span class='ocrx_word' id='word_1_141' title='bbox 717 2699 761 2740; x_wconf 88' lang='lat' dir='ltr'><strong>pro</strong></span> <span class='ocrx_word' id='word_1_142' title='bbox 772 2680 879 2742; x_wconf 84' lang='lat' dir='ltr'><strong>sortiter</strong></span> <span class='ocrx_word' id='word_1_143' title='bbox 896 2688 999 2740; x_wconf 85' lang='lat' dir='ltr'><strong>positum</strong></span> <span class='ocrx_word' id='word_1_144' title='bbox 1018 2700 1070 2732; x_wconf 85' lang='lat' dir='ltr'><strong>esse</strong></span> <span class='ocrx_word' id='word_1_145' title='bbox 1090 2693 1217 2743; x_wconf 83' lang='lat' dir='ltr'><strong>putarent,</strong></span> <span class='ocrx_word' id='word_1_146' title='bbox 1237 2693 1287 2748; x_wconf 87' lang='lat' dir='ltr'><strong>qui-</strong></span> 
     </span>
     <span class='ocr_line' id='line_1_24' title="bbox 180 2755 1287 2814; baseline 0.002 -13"><span class='ocrx_word' id='word_1_147' title='bbox 180 2759 224 2801; x_wconf 86' lang='lat' dir='ltr'><strong>bus</strong></span> <span class='ocrx_word' id='word_1_148' title='bbox 242 2757 349 2814; x_wconf 87' lang='lat' dir='ltr'><strong>equidem</strong></span> <span class='ocrx_word' id='word_1_149' title='bbox 372 2757 484 2800; x_wconf 75' lang='lat' dir='ltr'><strong>assentiri</strong></span> <span class='ocrx_word' id='word_1_150' title='bbox 508 2769 609 2812; x_wconf 86' lang='lat' dir='ltr'><strong>usqueo.</strong></span> <span class='ocrx_word' id='word_1_151' title='bbox 646 2755 741 2798; x_wconf 86' lang='lat' dir='ltr'><strong>Nullum</strong></span> <span class='ocrx_word' id='word_1_152' title='bbox 765 2755 831 2798; x_wconf 86' lang='lat' dir='ltr'><strong>euim</strong></span> <span class='ocrx_word' id='word_1_153' title='bbox 854 2755 922 2798; x_wconf 86' lang='lat' dir='ltr'><strong>huius</strong></span> <span class='ocrx_word' id='word_1_154' title='bbox 949 2755 1130 2814; x_wconf 79' lang='lat' dir='ltr'><strong>significationis</strong></span> <span class='ocrx_word' id='word_1_155' title='bbox 1155 2763 1287 2814; x_wconf 74' lang='lat' dir='ltr'><strong>erernplrun</strong></span> 
     </span>
     <span class='ocr_line' id='line_1_25' title="bbox 179 2825 1287 2883; baseline 0.001 -11"><span class='ocrx_word' id='word_1_156' title='bbox 179 2831 265 2872; x_wconf 80' lang='lat' dir='ltr'><strong>exstat.</strong></span> <span class='ocrx_word' id='word_1_157' title='bbox 301 2826 347 2870; x_wconf 83' lang='lat' dir='ltr'><strong>Est</strong></span> <span class='ocrx_word' id='word_1_158' title='bbox 363 2830 456 2870; x_wconf 85' lang='lat' dir='ltr'><strong>autem:</strong></span> <span class='ocrx_word' id='word_1_159' title='bbox 476 2825 584 2868; x_wconf 80' lang='lat' dir='ltr'><strong>saltando</strong></span> <span class='ocrx_word' id='word_1_160' title='bbox 602 2829 720 2882; x_wconf 82' lang='lat' dir='ltr'><strong>tamquam</strong></span> <span class='ocrx_word' id='word_1_161' title='bbox 739 2828 834 2868; x_wconf 83' lang='lat' dir='ltr'><strong>catenas</strong></span> <span class='ocrx_word' id='word_1_162' title='bbox 852 2825 960 2868; x_wconf 78' lang='lat' dir='ltr'><strong>inanibus</strong></span> <span class='ocrx_word' id='word_1_163' title='bbox 978 2839 1032 2870; x_wconf 86' lang='lat' dir='ltr'><strong>sese</strong></span> <span class='ocrx_word' id='word_1_164' title='bbox 1051 2827 1151 2871; x_wconf 86' lang='lat' dir='ltr'><strong>invicem</strong></span> <span class='ocrx_word' id='word_1_165' title='bbox 1170 2831 1287 2883; x_wconf 79' lang='lat' dir='ltr'><strong>compteri</strong></span> 
     </span>
     <span class='ocr_line' id='line_1_26' title="bbox 179 2893 1286 2955; baseline 0.002 -15"><span class='ocrx_word' id='word_1_166' title='bbox 179 2899 281 2948; x_wconf 73' lang='lat' dir='ltr'><strong>discunt,</strong></span> <span class='ocrx_word' id='word_1_167' title='bbox 300 2896 323 2938; x_wconf 87' lang='lat' dir='ltr'><strong>in</strong></span> <span class='ocrx_word' id='word_1_168' title='bbox 341 2908 425 2952; x_wconf 71' lang='lat' dir='ltr'><strong>gyrum</strong></span> <span class='ocrx_word' id='word_1_169' title='bbox 445 2895 559 2938; x_wconf 81' lang='lat' dir='ltr'><strong>velociter</strong></span> <span class='ocrx_word' id='word_1_170' title='bbox 577 2907 602 2938; x_wconf 85' lang='lat' dir='ltr'><strong>se</strong></span> <span class='ocrx_word' id='word_1_171' title='bbox 621 2899 753 2938; x_wconf 84' lang='lat' dir='ltr'><strong>moventes.</strong></span> <span class='ocrx_word' id='word_1_172' title='bbox 790 2893 841 2937; x_wconf 85' lang='lat' dir='ltr'><strong>Cfr.</strong></span> <span class='ocrx_word' id='word_1_173' title='bbox 855 2893 955 2939; x_wconf 81' lang='lat' dir='ltr'><strong>Lucisn.</strong></span> <span class='ocrx_word' id='word_1_174' title='bbox 977 2899 1005 2939; x_wconf 91' lang='lat' dir='ltr'><strong>de</strong></span> <span class='ocrx_word' id='word_1_175' title='bbox 1021 2896 1080 2940; x_wconf 84' lang='lat' dir='ltr'><strong>Satt.</strong></span> <span class='ocrx_word' id='word_1_176' title='bbox 1098 2896 1120 2955; x_wconf 80' lang='lat'><strong>§.</strong></span> <span class='ocrx_word' id='word_1_177' title='bbox 1137 2895 1215 2952; x_wconf 78' lang='lat' dir='ltr'><strong>t‘l.&#39;p.</strong></span> <span class='ocrx_word' id='word_1_178' title='bbox 1228 2896 1286 2942; x_wconf 84' lang='lat'>550.</span> 
     </span>
     <span class='ocr_line' id='line_1_27' title="bbox 179 2959 1288 3022; baseline -0.001 -11"><span class='ocrx_word' id='word_1_179' title='bbox 179 2965 298 3011; x_wconf 80' lang='lat' dir='ltr'><strong>Schrrried.</strong></span> <span class='ocrx_word' id='word_1_180' title='bbox 336 2965 448 3008; x_wconf 84' lang='lat' dir='ltr'><strong>Conterri</strong></span> <span class='ocrx_word' id='word_1_181' title='bbox 469 2967 568 3018; x_wconf 88' lang='lat' dir='ltr'><strong>possunt</strong></span> <span class='ocrx_word' id='word_1_182' title='bbox 591 2964 659 3008; x_wconf 82' lang='lat' dir='ltr'><strong>Statii</strong></span> <span class='ocrx_word' id='word_1_183' title='bbox 682 2961 759 3020; x_wconf 76' lang='lat' dir='ltr'><strong>(Sylv.</strong></span> <span class='ocrx_word' id='word_1_184' title='bbox 774 2959 803 3016; x_wconf 80' lang='grc'><strong>2,</strong></span> <span class='ocrx_word' id='word_1_185' title='bbox 826 2963 854 3016; x_wconf 87' lang='grc'><strong>1,</strong></span> <span class='ocrx_word' id='word_1_186' title='bbox 877 2961 946 3017; x_wconf 84' lang='grc'><strong>110.)</strong></span> <span class='ocrx_word' id='word_1_187' title='bbox 996 2970 1125 3008; x_wconf 82' lang='lat' dir='ltr'><strong>catenatas</strong></span> <span class='ocrx_word' id='word_1_188' title='bbox 1142 2968 1288 3022; x_wconf 77' lang='lat' dir='ltr'><strong>palaestrae</strong></span> 
     </span>
     <span class='ocr_line' id='line_1_28' title="bbox 179 3028 1288 3091; baseline 0.003 -13"><span class='ocrx_word' id='word_1_189' title='bbox 179 3031 387 3091; x_wconf 54' lang='lat' dir='ltr'><strong>praeteritum,</strong></span> <span class='ocrx_word' id='word_1_190' title='bbox 403 3029 727 3088; x_wconf 78' lang='lat' dir='ltr'><strong>37.-Appulei.lllet.10.</strong></span> <span class='ocrx_word' id='word_1_191' title='bbox 740 3045 765 3087; x_wconf 84' lang='lat' dir='ltr'><strong>p.</strong></span> <span class='ocrx_word' id='word_1_192' title='bbox 777 3028 834 3076; x_wconf 72' lang='grc'><strong>734.</strong></span> <span class='ocrx_word' id='word_1_193' title='bbox 850 3030 891 3075; x_wconf 87' lang='grc'><strong>11.</strong></span> <span class='ocrx_word' id='word_1_194' title='bbox 904 3046 926 3087; x_wconf 87' lang='lat' dir='ltr'><strong>p.</strong></span> <span class='ocrx_word' id='word_1_195' title='bbox 937 3031 995 3077; x_wconf 77' lang='lat'><strong>761,</strong></span> <span class='ocrx_word' id='word_1_196' title='bbox 1016 3033 1079 3078; x_wconf 90' lang='lat' dir='ltr'><strong>Oud.</strong></span> <span class='ocrx_word' id='word_1_197' title='bbox 1094 3037 1160 3078; x_wconf 84' lang='lat' dir='ltr'><strong>locus</strong></span> <span class='ocrx_word' id='word_1_198' title='bbox 1174 3038 1288 3080; x_wconf 82' lang='lat' dir='ltr'><strong>classicus</strong></span> 
     </span>
     <span class='ocr_line' id='line_1_29' title="bbox 179 3100 1296 3162; baseline 0 -13"><span class='ocrx_word' id='word_1_199' title='bbox 179 3108 208 3149; x_wconf 87' lang='lat' dir='ltr'><strong>ds</strong></span> <span class='ocrx_word' id='word_1_200' title='bbox 224 3104 327 3157; x_wconf 77' lang='lat' dir='ltr'><strong>Cybele:</strong></span> <span class='ocrx_word' id='word_1_201' title='bbox 364 3101 404 3146; x_wconf 85' lang='lat' dir='ltr'><strong>En</strong></span> <span class='ocrx_word' id='word_1_202' title='bbox 421 3102 511 3146; x_wconf 81' lang='lat' dir='ltr'><strong>adsum</strong></span> <span class='ocrx_word' id='word_1_203' title='bbox 528 3102 578 3146; x_wconf 86' lang='lat' dir='ltr'><strong>tuis</strong></span> <span class='ocrx_word' id='word_1_204' title='bbox 597 3107 731 3155; x_wconf 86' lang='lat' dir='ltr'><strong>commota,</strong></span> <span class='ocrx_word' id='word_1_205' title='bbox 760 3100 836 3156; x_wconf 84' lang='lat' dir='ltr'><strong>Luci,</strong></span> <span class='ocrx_word' id='word_1_206' title='bbox 862 3101 995 3157; x_wconf 80' lang='lat' dir='ltr'><strong>precihus,</strong></span> <span class='ocrx_word' id='word_1_207' title='bbox 1024 3117 1108 3147; x_wconf 80' lang='lat' dir='ltr'><strong>rerum</strong></span> <span class='ocrx_word' id='word_1_208' title='bbox 1126 3103 1225 3148; x_wconf 88' lang='lat' dir='ltr'><strong>Natura</strong></span> <span class='ocrx_word' id='word_1_209' title='bbox 1239 3109 1296 3162; x_wconf 83' lang='lat' dir='ltr'><strong>pa-&#39;</strong></span> 
     </span>
     <span class='ocr_line' id='line_1_30' title="bbox 179 3171 1287 3230; baseline 0.001 -13"><span class='ocrx_word' id='word_1_210' title='bbox 179 3187 255 3226; x_wconf 86' lang='lat' dir='ltr'><strong>rens,</strong></span> <span class='ocrx_word' id='word_1_211' title='bbox 284 3175 459 3215; x_wconf 79' lang='lat' dir='ltr'><strong>elementorum</strong></span> <span class='ocrx_word' id='word_1_212' title='bbox 477 3171 592 3224; x_wconf 84' lang='lat' dir='ltr'><strong>domina,</strong></span> <span class='ocrx_word' id='word_1_213' title='bbox 620 3171 760 3214; x_wconf 86' lang='lat' dir='ltr'><strong>seculorum</strong></span> <span class='ocrx_word' id='word_1_214' title='bbox 775 3171 912 3230; x_wconf 84' lang='lat' dir='ltr'><strong>progenies</strong></span> <span class='ocrx_word' id='word_1_215' title='bbox 933 3171 1059 3226; x_wconf 87' lang='lat' dir='ltr'><strong>initialis,</strong></span> <span class='ocrx_word' id='word_1_216' title='bbox 1091 3186 1189 3216; x_wconf 76' lang='lat' dir='ltr'><strong>sutnma</strong></span> <span class='ocrx_word' id='word_1_217' title='bbox 1207 3175 1287 3218; x_wconf 84' lang='lat' dir='ltr'><strong>numi-</strong></span> 
     </span>
     <span class='ocr_line' id='line_1_31' title="bbox 179 3239 1287 3300; baseline 0 -14"><span class='ocrx_word' id='word_1_218' title='bbox 179 3257 253 3297; x_wconf 85' lang='lat' dir='ltr'><strong>nam,</strong></span> <span class='ocrx_word' id='word_1_219' title='bbox 285 3241 376 3300; x_wconf 85' lang='lat' dir='ltr'><strong>regina</strong></span> <span class='ocrx_word' id='word_1_220' title='bbox 393 3239 523 3293; x_wconf 87' lang='lat' dir='ltr'><strong>Maniam,</strong></span> <span class='ocrx_word' id='word_1_221' title='bbox 552 3240 638 3297; x_wconf 86' lang='lat' dir='ltr'><strong>prima</strong></span> <span class='ocrx_word' id='word_1_222' title='bbox 662 3239 792 3292; x_wconf 87' lang='lat' dir='ltr'><strong>caelitum,</strong></span> <span class='ocrx_word' id='word_1_223' title='bbox 824 3239 935 3283; x_wconf 86' lang='lat' dir='ltr'><strong>Deorum</strong></span> <span class='ocrx_word' id='word_1_224' title='bbox 952 3239 1112 3300; x_wconf 87' lang='lat' dir='ltr'><strong>Dearumque</strong></span> <span class='ocrx_word' id='word_1_225' title='bbox 1123 3239 1212 3300; x_wconf 83' lang='lat' dir='ltr'><strong>facies</strong></span> <span class='ocrx_word' id='word_1_226' title='bbox 1231 3245 1287 3286; x_wconf 89' lang='lat' dir='ltr'><strong>uni-</strong></span> 
     </span>
     <span class='ocr_line' id='line_1_32' title="bbox 171 3309 1287 3373; baseline 0 -17"><span class='ocrx_word' id='word_1_227' title='bbox 171 3309 288 3372; x_wconf 77' lang='lat' dir='ltr'><strong>formis5</strong></span> <span class='ocrx_word' id='word_1_228' title='bbox 315 3325 377 3369; x_wconf 87' lang='lat' dir='ltr'><strong>quae</strong></span> <span class='ocrx_word' id='word_1_229' title='bbox 395 3311 460 3354; x_wconf 88' lang='lat' dir='ltr'><strong>caeli</strong></span> <span class='ocrx_word' id='word_1_230' title='bbox 475 3310 603 3354; x_wconf 86' lang='lat' dir='ltr'><strong>luminosa</strong></span> <span class='ocrx_word' id='word_1_231' title='bbox 620 3309 745 3362; x_wconf 69' lang='lat' dir='ltr'><strong>caterina,</strong></span> <span class='ocrx_word' id='word_1_232' title='bbox 771 3309 851 3352; x_wconf 84' lang='lat' dir='ltr'><strong>maris</strong></span> <span class='ocrx_word' id='word_1_233' title='bbox 869 3309 983 3352; x_wconf 81' lang='lat' dir='ltr'><strong>salubria</strong></span> <span class='ocrx_word' id='word_1_234' title='bbox 996 3310 1120 3373; x_wconf 80' lang='lat' dir='ltr'><strong>flarnina,</strong></span> <span class='ocrx_word' id='word_1_235' title='bbox 1147 3309 1287 3369; x_wconf 81' lang='lat' dir='ltr'><strong>inferorum</strong></span> 
     </span>
     <span class='ocr_line' id='line_1_33' title="bbox 178 3377 1288 3438; baseline -0.001 -13"><span class='ocrx_word' id='word_1_236' title='bbox 178 3381 310 3438; x_wconf 79' lang='lat' dir='ltr'><strong>deplorata</strong></span> <span class='ocrx_word' id='word_1_237' title='bbox 328 3379 429 3423; x_wconf 86' lang='lat' dir='ltr'><strong>silentia</strong></span> <span class='ocrx_word' id='word_1_238' title='bbox 447 3378 547 3424; x_wconf 83' lang='lat' dir='ltr'><strong>nutibus</strong></span> <span class='ocrx_word' id='word_1_239' title='bbox 565 3379 628 3422; x_wconf 82' lang='lat' dir='ltr'><strong>meis</strong></span> <span class='ocrx_word' id='word_1_240' title='bbox 646 3378 780 3434; x_wconf 84' lang='lat' dir='ltr'><strong>dispenso:</strong></span> <span class='ocrx_word' id='word_1_241' title='bbox 810 3378 881 3421; x_wconf 88' lang='lat' dir='ltr'><strong>caius</strong></span> <span class='ocrx_word' id='word_1_242' title='bbox 904 3391 995 3422; x_wconf 88' lang='lat' dir='ltr'><strong>numen</strong></span> <span class='ocrx_word' id='word_1_243' title='bbox 1019 3380 1120 3424; x_wconf 86' lang='lat' dir='ltr'><strong>unicam</strong></span> <span class='ocrx_word' id='word_1_244' title='bbox 1138 3377 1288 3438; x_wconf 84' lang='lat' dir='ltr'><strong>multiformi</strong></span> 
     </span>
     <span class='ocr_line' id='line_1_34' title="bbox 178 3441 1289 3508; baseline -0.002 -14"><span class='ocrx_word' id='word_1_245' title='bbox 178 3451 279 3507; x_wconf 82' lang='lat' dir='ltr'><strong>specis,</strong></span> <span class='ocrx_word' id='word_1_246' title='bbox 299 3449 351 3492; x_wconf 86' lang='lat' dir='ltr'><strong>rita</strong></span> <span class='ocrx_word' id='word_1_247' title='bbox 369 3451 451 3502; x_wconf 83' lang='lat' dir='ltr'><strong>uario,</strong></span> <span class='ocrx_word' id='word_1_248' title='bbox 472 3449 569 3491; x_wconf 85' lang='lat' dir='ltr'><strong>nomine</strong></span> <span class='ocrx_word' id='word_1_249' title='bbox 585 3441 718 3506; x_wconf 81' lang='lat' dir='ltr'><strong>multiiugo</strong></span> <span class='ocrx_word' id='word_1_250' title='bbox 736 3451 799 3490; x_wconf 88' lang='lat' dir='ltr'><strong>totas</strong></span> <span class='ocrx_word' id='word_1_251' title='bbox 818 3453 951 3491; x_wconf 78' lang='lat' dir='ltr'><strong>ueneratur</strong></span> <span class='ocrx_word' id='word_1_252' title='bbox 968 3448 1045 3493; x_wconf 82' lang='lat' dir='ltr'><strong>orbis.</strong></span> <span class='ocrx_word' id='word_1_253' title='bbox 1082 3447 1123 3490; x_wconf 88' lang='lat' dir='ltr'><strong>Me</strong></span> <span class='ocrx_word' id='word_1_254' title='bbox 1140 3450 1289 3508; x_wconf 83' lang='lat' dir='ltr'><strong>primigenii</strong></span> 
     </span>
     <span class='ocr_line' id='line_1_35' title="bbox 178 3513 1288 3578; baseline -0.002 -14"><span class='ocrx_word' id='word_1_255' title='bbox 178 3519 296 3578; x_wconf 82' lang='lat' dir='ltr'><strong>Phryges</strong></span> <span class='ocrx_word' id='word_1_256' title='bbox 314 3517 514 3562; x_wconf 84' lang='lat' dir='ltr'><strong>Pessinunticam</strong></span> <span class='ocrx_word' id='word_1_257' title='bbox 536 3517 666 3561; x_wconf 88' lang='lat' dir='ltr'><strong>nominant</strong></span> <span class='ocrx_word' id='word_1_258' title='bbox 682 3513 763 3560; x_wconf 77' lang='lat' dir='ltr'><strong>Dedin</strong></span> <span class='ocrx_word' id='word_1_259' title='bbox 786 3522 907 3568; x_wconf 84' lang='lat' dir='ltr'><strong>matrsm;</strong></span> <span class='ocrx_word' id='word_1_260' title='bbox 936 3514 994 3560; x_wconf 87' lang='lat' dir='ltr'><strong>hinc</strong></span> <span class='ocrx_word' id='word_1_261' title='bbox 1012 3515 1193 3561; x_wconf 80' lang='lat' dir='ltr'><strong>Autochthones</strong></span> <span class='ocrx_word' id='word_1_262' title='bbox 1210 3518 1288 3562; x_wconf 80' lang='lat' dir='ltr'><strong>Attici</strong></span> 
     </span>
     <span class='ocr_line' id='line_1_36' title="bbox 179 3581 1288 3648; baseline -0.002 -15"><span class='ocrx_word' id='word_1_263' title='bbox 179 3587 325 3644; x_wconf 73' lang='lat' dir='ltr'><strong>Cecropiam</strong></span> <span class='ocrx_word' id='word_1_264' title='bbox 342 3585 500 3640; x_wconf 74' lang='lat' dir='ltr'><strong>llle&#39;nerram,⁸</strong></span> <span class='ocrx_word' id='word_1_265' title='bbox 529 3586 601 3629; x_wconf 83' lang='lat' dir='ltr'><strong>illine</strong></span> <span class='ocrx_word' id='word_1_266' title='bbox 620 3585 774 3648; x_wconf 82' lang='lat' dir='ltr'><strong>fluctuantes</strong></span> <span class='ocrx_word' id='word_1_267' title='bbox 793 3581 882 3643; x_wconf 76' lang='lat' dir='ltr'><strong>Cyprii</strong></span> <span class='ocrx_word' id='word_1_268' title='bbox 898 3584 1019 3642; x_wconf 79' lang='lat' dir='ltr'><strong>Paphiam</strong></span> <span class='ocrx_word' id='word_1_269' title='bbox 1039 3585 1172 3640; x_wconf 78' lang='lat' dir='ltr'><strong>Venerem,</strong></span> <span class='ocrx_word' id='word_1_270' title='bbox 1204 3583 1288 3632; x_wconf 80' lang='lat' dir='ltr'><strong>Cretes</strong></span> 
     </span>
     <span class='ocr_line' id='line_1_37' title="bbox 179 3653 1288 3716; baseline -0.001 -16"><span class='ocrx_word' id='word_1_271' title='bbox 179 3653 320 3716; x_wconf 74' lang='lat' dir='ltr'><strong>sagittiferi</strong></span> <span class='ocrx_word' id='word_1_272' title='bbox 341 3655 497 3716; x_wconf 75' lang='lat' dir='ltr'><strong>Dictynnam</strong></span> <span class='ocrx_word' id='word_1_273' title='bbox 520 3653 648 3699; x_wconf 83' lang='lat' dir='ltr'><strong>Dianam:</strong></span> <span class='ocrx_word' id='word_1_274' title='bbox 683 3655 764 3699; x_wconf 85' lang='lat' dir='ltr'><strong>Siculi</strong></span> <span class='ocrx_word' id='word_1_275' title='bbox 789 3655 925 3713; x_wconf 77' lang='lat' dir='ltr'><strong>trilingues</strong></span> <span class='ocrx_word' id='word_1_276' title='bbox 949 3654 1066 3714; x_wconf 86' lang='lat' dir='ltr'><strong>Stygiam</strong></span> <span class='ocrx_word' id='word_1_277' title='bbox 1089 3655 1288 3712; x_wconf 86' lang='lat' dir='ltr'><strong>Proserpinam;</strong></span> 
     </span>
     <span class='ocr_line' id='line_1_38' title="bbox 178 3721 1286 3780; baseline -0.003 -8"><span class='ocrx_word' id='word_1_278' title='bbox 178 3726 307 3772; x_wconf 81' lang='lat' dir='ltr'><strong>Eleusinii</strong></span> <span class='ocrx_word' id='word_1_279' title='bbox 323 3731 442 3770; x_wconf 81' lang='lat' dir='ltr'><strong>vetustam</strong></span> <span class='ocrx_word' id='word_1_280' title='bbox 459 3724 541 3768; x_wconf 91' lang='lat' dir='ltr'><strong>Deam</strong></span> <span class='ocrx_word' id='word_1_281' title='bbox 558 3721 672 3767; x_wconf 82' lang='lat' dir='ltr'><strong>Cererem</strong></span> <span class='ocrx_word' id='word_1_282' title='bbox 678 3737 690 3777; x_wconf 91' lang='lat'><em>;</em></span> <span class='ocrx_word' id='word_1_283' title='bbox 707 3725 825 3770; x_wconf 84' lang='lat' dir='ltr'><strong>lunonem</strong></span> <span class='ocrx_word' id='word_1_284' title='bbox 843 3723 905 3776; x_wconf 89' lang='lat' dir='ltr'><strong>alii,</strong></span> <span class='ocrx_word' id='word_1_285' title='bbox 924 3721 1068 3777; x_wconf 88' lang='lat' dir='ltr'><strong>Bellonam,</strong></span> <span class='ocrx_word' id='word_1_286' title='bbox 1088 3721 1209 3767; x_wconf 88' lang='lat' dir='ltr'><strong>Hecatam</strong></span> <span class='ocrx_word' id='word_1_287' title='bbox 1228 3727 1286 3780; x_wconf 81' lang='lat' dir='ltr'><strong>isti,</strong></span> 
     </span>
     <span class='ocr_line' id='line_1_39' title="bbox 178 3789 1288 3852; baseline -0.003 -11"><span class='ocrx_word' id='word_1_288' title='bbox 178 3795 360 3841; x_wconf 72' lang='lat' dir='ltr'><strong>Rhamnusiam</strong></span> <span class='ocrx_word' id='word_1_289' title='bbox 376 3795 429 3848; x_wconf 92' lang='lat' dir='ltr'><strong>illi,</strong></span> <span class='ocrx_word' id='word_1_290' title='bbox 448 3801 486 3848; x_wconf 89' lang='lat' dir='ltr'><strong>et,</strong></span> <span class='ocrx_word' id='word_1_291' title='bbox 505 3794 548 3852; x_wconf 86' lang='lat' dir='ltr'><strong>qui</strong></span> <span class='ocrx_word' id='word_1_292' title='bbox 564 3794 692 3838; x_wconf 85' lang='lat' dir='ltr'><strong>nascentis</strong></span> <span class='ocrx_word' id='word_1_293' title='bbox 710 3793 750 3836; x_wconf 87' lang='lat' dir='ltr'><strong>dei</strong></span> <span class='ocrx_word' id='word_1_294' title='bbox 762 3793 829 3837; x_wconf 86' lang='lat' dir='ltr'><strong>Solis</strong></span> <span class='ocrx_word' id='word_1_295' title='bbox 846 3789 1020 3836; x_wconf 71' lang='lat' dir='ltr'><strong>inchoantibus</strong></span> <span class='ocrx_word' id='word_1_296' title='bbox 1032 3793 1192 3837; x_wconf 79' lang='lat' dir='ltr'><strong>illustrantur·</strong></span> <span class='ocrx_word' id='word_1_297' title='bbox 1206 3795 1288 3838; x_wconf 84' lang='lat' dir='ltr'><strong>radiis</strong></span> 
     </span>
     <span class='ocr_line' id='line_1_40' title="bbox 179 3859 1288 3923; baseline -0.004 -13"><span class='ocrx_word' id='word_1_298' title='bbox 179 3864 313 3922; x_wconf 80' lang='lat' dir='ltr'><strong>Aethiopes</strong></span> <span class='ocrx_word' id='word_1_299' title='bbox 339 3863 442 3923; x_wconf 84' lang='lat' dir='ltr'><strong>Ariiqae</strong></span> <span class='ocrx_word' id='word_1_300' title='bbox 465 3863 601 3922; x_wconf 84' lang='lat' dir='ltr'><strong>priscaque</strong></span> <span class='ocrx_word' id='word_1_301' title='bbox 628 3861 743 3906; x_wconf 85' lang='lat' dir='ltr'><strong>doctriua</strong></span> <span class='ocrx_word' id='word_1_302' title='bbox 767 3862 890 3918; x_wconf 84' lang='lat' dir='ltr'><strong>pollentes</strong></span> <span class='ocrx_word' id='word_1_303' title='bbox 916 3859 1051 3920; x_wconf 78' lang='lat' dir='ltr'><strong>Aegyptii,</strong></span> <span class='ocrx_word' id='word_1_304' title='bbox 1081 3863 1225 3908; x_wconf 77' lang='lat' dir='ltr'><strong>cerimoniis</strong></span> <span class='ocrx_word' id='word_1_305' title='bbox 1250 3879 1288 3907; x_wconf 88' lang='lat' dir='ltr'><strong>me</strong></span> 
     </span>
     <span class='ocr_line' id='line_1_41' title="bbox 176 3929 1290 3996; baseline -0.004 -17"><span class='ocrx_word' id='word_1_306' title='bbox 176 3936 292 3993; x_wconf 82' lang='lat' dir='ltr'><strong>propriis</strong></span> <span class='ocrx_word' id='word_1_307' title='bbox 306 3936 477 3989; x_wconf 84' lang='lat' dir='ltr'><strong>percolentes,</strong></span> <span class='ocrx_word' id='word_1_308' title='bbox 508 3933 635 3991; x_wconf 87' lang='lat' dir='ltr'><strong>appellant</strong></span> <span class='ocrx_word' id='word_1_309' title='bbox 658 3944 716 3974; x_wconf 83' lang='lat' dir='ltr'><strong>cero</strong></span> <span class='ocrx_word' id='word_1_310' title='bbox 743 3931 841 3990; x_wconf 78' lang='lat' dir='ltr'><strong>nomine</strong></span> <span class='ocrx_word' id='word_1_311' title='bbox 868 3931 984 3989; x_wconf 85' lang='lat' dir='ltr'><strong>reginam</strong></span> <span class='ocrx_word' id='word_1_312' title='bbox 1001 3929 1122 3976; x_wconf 74' lang='lat' dir='ltr'><strong>Isidem·</strong></span> <span class='ocrx_word' id='word_1_313' title='bbox 1159 3931 1217 3978; x_wconf 76' lang='lat'><strong>632.</strong></span> <span class='ocrx_word' id='word_1_314' title='bbox 1232 3933 1290 3996; x_wconf 76' lang='lat' dir='ltr'><strong>fleti</strong></span> 
     </span>
     <span class='ocr_line' id='line_1_42' title="bbox 180 3995 1289 4063; baseline -0.002 -15"><span class='ocrx_word' id='word_1_315' title='bbox 180 4006 241 4048; x_wconf 78' lang='lat' dir='ltr'><strong>(lod.</strong></span> <span class='ocrx_word' id='word_1_316' title='bbox 256 4003 280 4048; x_wconf 82' lang='lat'><strong>5.</strong></span> <span class='ocrx_word' id='word_1_317' title='bbox 294 4003 335 4046; x_wconf 88' lang='lat' dir='ltr'><strong>slii</strong></span> <span class='ocrx_word' id='word_1_318' title='bbox 350 4017 388 4060; x_wconf 79' lang='lat' dir='ltr'><strong>ap.</strong></span> <span class='ocrx_word' id='word_1_319' title='bbox 402 4003 483 4047; x_wconf 84' lang='lat' dir='ltr'><strong>Pium.</strong></span> <span class='ocrx_word' id='word_1_320' title='bbox 496 4001 525 4044; x_wconf 86' lang='lat' dir='ltr'><strong>ll.</strong></span> <span class='ocrx_word' id='word_1_321' title='bbox 545 4025 578 4034; x_wconf 89' lang='lat'>—</span> <span class='ocrx_word' id='word_1_322' title='bbox 591 4000 663 4063; x_wconf 81' lang='lat' dir='ltr'><strong>flecti</strong></span> <span class='ocrx_word' id='word_1_323' title='bbox 678 4001 706 4043; x_wconf 88' lang='lat' dir='ltr'><strong>C.</strong></span> <span class='ocrx_word' id='word_1_324' title='bbox 726 4021 759 4032; x_wconf 91' lang='lat'><strong>—·</strong></span> <span class='ocrx_word' id='word_1_325' title='bbox 769 3995 836 4057; x_wconf 82' lang='lat' dir='ltr'><strong>freti</strong></span> <span class='ocrx_word' id='word_1_326' title='bbox 850 3999 881 4042; x_wconf 88' lang='grc' dir='ltr'><strong>Ε.</strong></span> <span class='ocrx_word' id='word_1_327' title='bbox 892 4000 940 4042; x_wconf 79' lang='lat' dir='ltr'><strong>Alii</strong></span> <span class='ocrx_word' id='word_1_328' title='bbox 952 4000 1011 4043; x_wconf 80' lang='lat' dir='ltr'><strong>Cdd.</strong></span> <span class='ocrx_word' id='word_1_329' title='bbox 1025 4000 1086 4046; x_wconf 85' lang='lat' dir='ltr'><strong>Edd.</strong></span> <span class='ocrx_word' id='word_1_330' title='bbox 1101 4007 1157 4046; x_wconf 85' lang='lat' dir='ltr'><strong>vett.</strong></span> <span class='ocrx_word' id='word_1_331' title='bbox 1178 4027 1209 4036; x_wconf 90' lang='lat'><em>-</em></span> <span class='ocrx_word' id='word_1_332' title='bbox 1228 4003 1289 4046; x_wconf 85' lang='lat' dir='ltr'><strong>laeti</strong></span> 
     </span>
     <span class='ocr_line' id='line_1_43' title="bbox 179 4069 1285 4128; baseline -0.002 -10"><span class='ocrx_word' id='word_1_333' title='bbox 179 4074 252 4118; x_wconf 79' lang='lat' dir='ltr'><strong>vina.</strong></span> <span class='ocrx_word' id='word_1_334' title='bbox 267 4073 296 4116; x_wconf 86' lang='grc' dir='ltr'><strong>Α.</strong></span> <span class='ocrx_word' id='word_1_335' title='bbox 311 4071 339 4116; x_wconf 87' lang='lat' dir='ltr'><strong>L.</strong></span> <span class='ocrx_word' id='word_1_336' title='bbox 360 4094 393 4106; x_wconf 93' lang='lat'><strong>-·</strong></span> <span class='ocrx_word' id='word_1_337' title='bbox 410 4071 509 4116; x_wconf 80' lang='lat' dir='ltr'><strong>Ludunt</strong></span> <span class='ocrx_word' id='word_1_338' title='bbox 525 4070 552 4114; x_wconf 88' lang='lat' dir='ltr'><strong>in</strong></span> <span class='ocrx_word' id='word_1_339' title='bbox 563 4083 710 4123; x_wconf 85' lang='lat' dir='ltr'><strong>numerum,</strong></span> <span class='ocrx_word' id='word_1_340' title='bbox 730 4073 802 4126; x_wconf 84' lang='lat' dir='ltr'><strong>atque</strong></span> <span class='ocrx_word' id='word_1_341' title='bbox 814 4070 944 4112; x_wconf 78' lang='lat' dir='ltr'><strong>exsultant</strong></span> <span class='ocrx_word' id='word_1_342' title='bbox 955 4069 1144 4128; x_wconf 80' lang='lat' dir='ltr'><strong>sanguinolenti</strong></span> <span class='ocrx_word' id='word_1_343' title='bbox 1160 4073 1239 4117; x_wconf 91' lang='lat' dir='ltr'><strong>Bentt.</strong></span> <span class='ocrx_word' id='word_1_344' title='bbox 1256 4093 1285 4103; x_wconf 90' lang='lat'><strong>·-</strong></span> 
     </span>
     <span class='ocr_line' id='line_1_44' title="bbox 180 4137 1289 4204; baseline -0.005 -17"><span class='ocrx_word' id='word_1_345' title='bbox 180 4149 205 4187; x_wconf 86' lang='lat' dir='ltr'><strong>et</strong></span> <span class='ocrx_word' id='word_1_346' title='bbox 219 4147 272 4197; x_wconf 86' lang='lat' dir='ltr'><strong>post</strong></span> <span class='ocrx_word' id='word_1_347' title='bbox 283 4140 340 4204; x_wconf 71' lang='lat' dir='ltr'><strong>steti</strong></span> <span class='ocrx_word' id='word_1_348' title='bbox 357 4144 416 4198; x_wconf 82' lang='lat' dir='ltr'><strong>apud</strong></span> <span class='ocrx_word' id='word_1_349' title='bbox 434 4143 493 4184; x_wconf 79' lang='lat' dir='ltr'><strong>Har.</strong></span> <span class='ocrx_word' id='word_1_350' title='bbox 513 4141 588 4184; x_wconf 90' lang='lat' dir='ltr'><strong>Codd.</strong></span> <span class='ocrx_word' id='word_1_351' title='bbox 608 4154 654 4184; x_wconf 88' lang='lat' dir='ltr'><strong>nou</strong></span> <span class='ocrx_word' id='word_1_352' title='bbox 672 4141 810 4198; x_wconf 75' lang='lat' dir='ltr'><strong>agnoscunt.</strong></span> <span class='ocrx_word' id='word_1_353' title='bbox 830 4137 882 4182; x_wconf 88' lang='lat' dir='ltr'><strong>Cfr.</strong></span> <span class='ocrx_word' id='word_1_354' title='bbox 896 4137 983 4194; x_wconf 77' lang='lat' dir='ltr'><strong>Appul.</strong></span> <span class='ocrx_word' id='word_1_355' title='bbox 998 4140 1095 4186; x_wconf 78' lang='lat' dir='ltr'><strong>Metam.</strong></span> <span class='ocrx_word' id='word_1_356' title='bbox 1111 4139 1135 4186; x_wconf 84' lang='lat' dir='ltr'><strong>l.</strong></span> <span class='ocrx_word' id='word_1_357' title='bbox 1154 4154 1208 4200; x_wconf 80' lang='lat' dir='ltr'><strong>pag.</strong></span> <span class='ocrx_word' id='word_1_358' title='bbox 1229 4139 1289 4187; x_wconf 79' lang='lat'><strong>199.</strong></span> 
     </span>
     <span class='ocr_line' id='line_1_45' title="bbox 179 4211 588 4276; baseline -0.005 -20"><span class='ocrx_word' id='word_1_359' title='bbox 179 4216 261 4256; x_wconf 81' lang='lat' dir='ltr'><strong>mater</strong></span> <span class='ocrx_word' id='word_1_360' title='bbox 275 4236 283 4246; x_wconf 93' lang='lat'>·</span> <span class='ocrx_word' id='word_1_361' title='bbox 297 4235 307 4246; x_wconf 92' lang='lat'><strong>·</strong></span> <span class='ocrx_word' id='word_1_362' title='bbox 321 4211 384 4276; x_wconf 77' lang='lat' dir='ltr'><strong>yteta</strong></span> <span class='ocrx_word' id='word_1_363' title='bbox 402 4217 426 4256; x_wconf 88' lang='lat' dir='ltr'><strong>et</strong></span> <span class='ocrx_word' id='word_1_364' title='bbox 441 4211 588 4256; x_wconf 83' lang='lat' dir='ltr'><strong>lacrimosa.</strong></span> 
     </span>
    </p>
   </div>
   <div class='ocr_carea' id='block_1_6' title="bbox 0 0 1485 4826">
    <p class='ocr_par' dir='ltr' id='par_1_12' title="bbox 0 0 1485 4826">
     <span class='ocr_line' id='line_1_46' title="bbox 0 0 1485 4826; baseline 0 0"><span class='ocrx_word' id='word_1_365' title='bbox 0 0 1485 4826; x_wconf 95' lang='lat' dir='ltr'><strong> </strong></span> 
     </span>
    </p>
   </div>
  </div>
 </body>
</html>
