2948 4820
379 367 491 453 Qualis
515 367 658 436 amendit
679 367 770 434 Deo!
793 377 862 432 tota
882 367 1018 450 pulchra

379 472 514 537 Gaudiis
537 482 675 558 gemmet
696 469 842 555 liquidis,
864 491 991 558 suoque
1013 471 1061 536 in·

381 575 455 639 nixa
476 575 624 651 Dilecto.
650 573 804 643 volucres
825 593 886 658 per
908 595 1001 638 auras

468 676 623 742 Floribus
645 675 755 742 halat!

380 817 470 882 Talis
492 815 526 882 in
548 837 672 894 seram,
696 836 752 880 sua
773 835 894 901 regna,
920 827 1046 880 noctem

379 921 474 983 Luna
496 939 593 1004 quom
617 918 723 997 venit,
747 929 898 981 tenuatur
919 920 1066 994 Aretos;

380 1021 486 1087 Pallet
507 1021 689 1097 Arcturus,
714 1019 888 1105 positoque
909 1019 999 1084 ferro

464 1125 615 1210 Languet
638 1122 756 1187 Orion.

381 1262 469 1328 Talis
493 1262 588 1326 electi
608 1262 773 1346 speciosus
795 1261 863 1327 oris

379 1366 553 1442 Phoebus,
575 1367 706 1430 Aurora
728 1364 931 1442 lacrimante,
955 1364 1057 1443 ridet,

382 1468 519 1550 Quando
542 1465 678 1530 cristatis
702 1465 816 1530 avibus
838 1487 1007 1531 coruscum

465 1569 564 1634 Mane
587 1568 774 1652 precatur.’'

380 1710 472 1773 Inter
493 1710 550 1773 has
572 1730 691 1785 voces,
716 1708 815 1794 magis
838 1710 964 1773 elevata

375 1811 523 1876 Brachiis
546 1813 622 1875 Nati
645 1831 778 1894 superas
800 1811 833 1874 id
855 1832 966 1887 omne,

381 1915 478 1994 Quod
500 1914 588 1978 Deus
612 1935 675 1978 non
699 1925 767 1990 est,
791 1914 992 2000 animumque
1014 1927 1087 1981 toto

464 2015 602 2080 Numine
624 2016 760 2100 mergis.

380 2157 520 2241 Merge:
544 2160 616 2220 dum
639 2156 724 2221 dulci
746 2155 841 2220 maris
864 2179 882 2219 e
904 2157 1068 2240 profundo

379 2259 477 2341 Quod
497 2260 697 2342 superfusum
721 2259 820 2336 bibis,
844 2280 904 2321 una
926 2259 1037 2323 saltem

379 2363 478 2425 Gutta
501 2361 628 2425 distillet
650 2361 858 2446 lacrimasque
880 2363 984 2427 nostri

465 2465 639 2548 Temperet
662 2466 770 2529 orbis!

659 2635 882 2652 ὴ

378 2780 444 2845 ΙΧ.
482 2780 547 2846 ΑΙ)
569 2780 878 2848 FRANCISCUM
900 2782 1160 2848 RAGUSIUM.

556 2922 722 3008 Symbola
742 2923 980 3008 Pythagorae.

378 3057 454 3123 Vile
476 3082 515 3124 ne
537 3059 593 3123 fiat
615 3060 673 3124 tibi
694 3062 821 3124 Numen
843 3083 920 3138 risu,

380 3163 485 3242 Quom
508 3162 585 3225 nihil
608 3163 707 3226 maius
731 3175 905 3249 generetur
926 3162 1013 3245 ipso.

379 3265 435 3332 Ne
457 3268 571 3328 Deum
592 3269 720 3344 caeles,
744 3259 922 3351 digitoque
941 3279 1057 3350 portet

457 3370 624 3435 Annalem
645 3371 803 3434 haerens.

381 3507 562 3572 Fervidam
582 3509 715 3592 spumis
737 3529 816 3572 cave
838 3511 953 3574 laestm
976 3511 1081 3574 ollam

381 3610 557 3684 Concites5
579 3632 647 3674 non
669 3624 721 3676 est
730 3609 954 3702 fodicandtts
975 3612 1068 3698 ignis

243 3791 247 3796 .
381 3715 495 3778 Ense.
533 3713 644 3796 Sopita
668 3713 791 3778 cineres
813 3714 982 3799 quiescunt

466 3815 580 3879 Tutius
602 3816 661 3880 ira.

301 3987 303 3993 ·
378 3955 470 4018 Dura
485 3954 642 4019 constanti
657 3977 772 4038 supera
787 3956 920 4032 labore;

381 4056 508 4139 Coepta
530 4079 681 4131 successu
702 4071 917 4142 properanter
939 4079 1038 4144 urge:

383 4161 427 4221 Ut
448 4160 534 4223 nihil
543 4158 669 4251 faecis
690 4162 859 4230 bibiturus
881 4163 918 4226 in
939 4184 1017 4254 ora«

464 4273 533 4324 tere
555 4263 741 4348 relinquas.
