2964 4814
244 195 304 256 176

241 351 386 433 longor,
411 348 544 424 Paulle‚
569 343 696 428 tuo'sic
718 346 895 410 discessura
907 346 1046 430 '‘lcrrbili:

303 451 341 514 Iu
364 447 468 531 lapide
490 450 554 512 hoc
576 448 630 510 runi
648 459 747 529 nupta
775 447 872 512 luisse
895 450 1020 533 legar.-

241 553 361 615 Testor
383 549 539 614 rusiorum
561 547 684 612 cineres
706 548 787 623 tibi,
812 551 936 628 Roma,
962 553 1138 627 verendos,

303 654 370 716 Sub
397 672 532 736 quorum
558 649 676 726 titulis,
700 649 832 727 Alriea,
859 663 951 715 tonsa
973 651 1080 728 iaces,

240 757 284 818 Et
312 755 435 819 Persen
458 750 576 834 proavi
600 751 796 814 simulantem
819 766 934 833 pectus
956 753 1116 830 Achillis,

303 856 432 938 Quique
453 865 523 916 tuas
542 873 683 934 proavus
708 851 825 937 fregit,
851 854 998 930 Achille,
1022 839 1153 932 domos,
1319 860 1360 920 lo

240 959 300 1020 Me
322 975 424 1040 neque
444 975 595 1018 censurae
620 956 722 1038 legem
743 954 887 1018 mollisse
911 976 970 1018 nec
993 957 1055 1019 ulla

302 1061 395 1120 Labe
419 1077 486 1119 mea
509 1066 636 1119 vestros
663 1056 826 1120 erubuisse
850 1056 957 1121 locos.

239 1161 316 1223 Nou
339 1158 399 1221 suit
421 1157 544 1220 exurriis
570 1155 663 1218 tantis
688 1156 841 1221 Cornelia
865 1161 1029 1236 damnum,

302 1258 387 1340 Quin
410 1269 481 1322 erat
501 1270 533 1322 et
557 1278 688 1342 magnae
709 1277 784 1339 pars
809 1259 959 1323 imitanda
983 1263 1108 1325 domus.

238 1362 309 1424 Nec
329 1380 397 1424 mea
421 1370 538 1421 ustulata
560 1369 609 1420 est
630 1367 733 1432 aetas3
756 1359 822 1421 sine
840 1359 971 1424 crimine
994 1372 1062 1424 tota
1084 1371 1160 1424 est:

301 1462 451 1526 Viximus
475 1460 615 1543 insigues
636 1461 718 1522 inter
740 1472 907 1545 utramque
929 1462 1043 1526 lacem.

239 1565 291 1628 Ml
314 1576 426 1627 natura
450 1561 536 1624 dedit
557 1562 644 1642 leges
667 1581 685 1623 a
710 1561 862 1646 sauguine
886 1565 1016 1638 ductas,

301 1667 352 1729 Ne
373 1684 500 1746 possem
524 1664 637 1726 melior
659 1661 773 1726 iudicis
797 1683 867 1727 esse
890 1675 987 1727 metu.

239 1766 409 1847 Quaelibet
431 1776 573 1827 austeras
596 1767 635 1826 de
662 1785 711 1826 me
733 1764 818 1827 ferat
839 1784 916 1828 trrna
942 1767 1093 1840 tabellas;
1127 1809 1132 1820 ·

304 1866 450 1948 Turpior
474 1887 599 1928 assessu
625 1886 688 1929 non
711 1866 771 1928 erit
793 1866 856 1928 ulla
879 1887 963 1930 meo.

239 1969 307 2033 Vel
328 1979 378 2043 tu,
406 1988 486 2050 quae
506 1969 626 2028 tardam
650 1965 779 2029 movisti
799 1966 876 2030 ltine
899 1965 1075 2046 Cybeben,

302 2068 454 2144 Claudia,
477 2067 610 2130 turritae
636 2087 708 2130 rara
730 2065 872 2130 ministra
893 2071 986 2133 deae:

236 2171 303 2234 vet
324 2169 393 2244 cui,
418 2169 607 2232 commissos
630 2189 727 2251 quom
749 2169 851 2230 Vesta
872 2182 1059 2251 reposceret
1080 2172 1182 2256 ignes,

300 2269 458 2334 Exhibuit
479 2270 571 2333 vivos
597 2271 748 2350 carbasus
772 2269 845 2331 alba
870 2269 976 2335 locos.

237 2374 307 2436 Nec
330 2384 381 2446 te,
406 2371 496 2434 dulce
519 2383 631 2452 caput,
657 2382 756 2434 mater
780 2369 967 2447 Scribonia,
991 2373 1088 2436 laesi:
1149 2414 1152 2424 ›
1314 2379 1354 2442 55

299 2474 338 2536 Iu
357 2493 407 2535 me
430 2483 582 2535 uurtatum
605 2469 762 2555 quidjnisi
784 2471 850 2534 fata
873 2471 975 2535 velis?

306 2652 349 2702 ³5.
367 2655 436 2700 Libri
458 2654 554 2710 quidam
569 2666 625 2697 eum
648 2651 797 2698 decessuro
815 2655 852 2698 rel
873 2652 1089 2710 eondiaeesauru,
1119 2659 1179 2702 unda
1202 2659 1307 2704 Purcius
1331 2665 1357 2704 et

237 2725 360 2768 llusebl.:
388 2744 411 2754 -
431 2735 481 2766 nou
499 2722 657 2767 discessuro.
695 2718 887 2788 ib31nlupide
905 2720 971 2768 boe:
996 2723 1054 2768 baec
1072 2726 1108 2770 uit
1123 2726 1196 2770 veluti
1216 2729 1253 2774 sui
1275 2730 1357 2783 sepul÷

235 2794 270 2837 eri
292 2794 394 2847 lapidem
412 2793 506 2836 titulum
529 2793 705 2836 demonstrans.
747 2791 854 2836 Blandiri
870 2795 948 2846 potest
966 2793 1087 2844 coniectas:
1107 2794 1213 2838 Marcilii
1237 2800 1267 2848 et,
1284 2797 1352 2852 xop-

235 2861 318 2915 piersii
336 2875 350 2904 a
371 2859 469 2904 Lacbru.
490 2860 615 2916 aliquando
633 2863 745 2913 recepta:
776 2860 804 2903 ira
821 2857 906 2915 lapids
921 2856 980 2903 huie
1002 2861 1054 2906 oni.
1103 2861 1150 2906 Sed
1168 2866 1264 2916 praeter
1280 2864 1356 2909 licen·

236 2930 293 2972 tiaua
319 2942 373 2973 voc.
398 2925 456 2971 braic
481 2928 640 2981 monosyllabi
664 2928 688 2972 iu
704 2929 784 2973 medio
812 2929 931 2972 versiculo
955 2930 1042 2974 merito
1062 2930 1204 2974 offendimus
1223 2931 1247 2974 in
1265 2944 1304 2977 vv.
1326 2933 1356 2976 ira

234 2995 319 3054 lapide
346 2999 382 3040 sic
411 2996 472 3040 nude
493 2997 588 3051 positis.
644 2992 686 3040 38.
706 2995 773 3040 inest
792 2996 859 3042 sant.
880 3010 893 3041 a
912 2993 938 3042 2.
964 2996 1041 3042 Codd.
1096 2995 1138 3044 ³⁹.
1158 3000 1197 3042 Sic
1217 3011 1272 3044 curn
1290 3000 1353 3048 Gdd.

235 3063 282 3109 Lo.
302 3065 435 3110 construe:
460 3064 510 3118 „lit
527 3069 604 3108 testor
623 3077 737 3118 proavum
755 3077 849 3118 meum,
878 3064 908 3109 L.
932 3066 1060 3110 Aetnilium
1084 3067 1196 3113 Paullum
1213 3068 1356 3113 Macedoni·

236 3147 305 3188 earn,
327 3133 366 3191 qui
382 3133 455 3191 fregit
470 3131 618 3188 (debellarit)
638 3133 731 3177 Persen
749 3138 773 3178 et
792 3138 844 3176 tuas
860 3135 939 3186 sedes,
965 3147 980 3177 u
1005 3134 1109 3179 Achilles
1118 3133 1151 3191 ”3
1170 3137 1251 3189 potius
1267 3149 1355 3193 quum:

235 3203 289 3255 atta
310 3207 385 3248 testor
403 3202 481 3256 ipsum
498 3202 566 3247 illurn
582 3202 690 3254 Persen,
719 3203 759 3258 qui
779 3201 871 3246 frustra
888 3201 981 3246 animes
1002 3193 1028 3248 et¹
1040 3204 1154 3252 virtutem
1171 3205 1256 3258 proavi
1269 3204 1356 3250 Achil·

236 3271 266 3314 lia
284 3270 427 3324 simulabat,
456 3270 560 3327 itemque
582 3275 658 3314 testor
676 3281 791 3324 proavum
809 3282 889 3314 manau
907 3269 1054 3324 Aemilium,
1075 3272 1114 3328 qui
1134 3272 1188 3316 illas
1205 3277 1319 3327 tuorum,
1338 3287 1355 3316 o

144 3371 146 3374 -
235 3339 355 3393 Achilles,
385 3341 530 3398 degenerum
550 3343 663 3392 nepotum
680 3339 764 3391 aedes,
793 3339 973 3394 Macedoniam,
1002 3340 1026 3384 in
1047 3339 1128 3394 populi
1145 3340 1192 3390 llo.
1211 3345 1357 3395 potestatem

178 3423 183 3429 ·
234 3407 352 3467 redegit.”
369 3407 425 3463 (cfr.
450 3403 609 3461 Bellernru.)
629 3407 725 3450 Sautsni
746 3407 809 3450 coni.
834 3407 859 3450 iu
883 3419 921 3460 pr.
944 3407 991 3451 Ed.
1016 3412 1143 3463 receperat
1159 3408 1275 3454 Laehm.:
1297 3407 1354 3464 Te,

234 3475 342 3532 Perseo,
372 3476 463 3534 proavi
488 3476 649 3521 simulantem
669 3479 758 3530 pecua
783 3472 918 3528 Achillia,
956 3473 1050 3535 Quique
1075 3480 1132 3520 luna
1148 3489 1244 3531 prouro
1266 3473 1357 3536 fregit

234 3542 333 3603 Achille,
349 3544 445 3589 domos.
500 3540 543 3587 41.
564 3543 684 3587 ruetuiaas
705 3541 767 3587 Cod.
788 3557 827 3599 ap.
843 3544 898 3594 ¹l'ea
915 3543 943 3587 ad
962 3544 1023 3588 llor.
1042 3541 1066 3587 2.
1089 3543 1167 3598 Epist.
1191 3541 1224 3598 1¹,
1247 3543 1307 3592 1⁵³.
1323 3566 1354 3578 ·-

234 3613 329 3658 llubnlr.
353 3615 382 3657 ad
397 3612 484 3657 Vellei.
502 3610 532 3666 2,
554 3610 595 3655 95.
615 3613 663 3664 „ad
680 3623 805 3656 censuram
822 3611 932 3655 aPaullc
952 3612 1079 3666 remissius
1098 3617 1174 3656 actam
1190 3616 1251 3658 tecte
1269 3627 1355 3669 respe-

234 3682 299 3726 xisse
311 3681 430 3726 ridetur.”
464 3679 636 3737 Egregiavero
646 3682 699 3723 arte
712 3693 768 3724 usus
781 3686 846 3726 esset
859 3683 942 3734 poeta,
964 3681 985 3724 si
998 3680 1043 3724 boc
1055 3681 1092 3724 vel
1110 3679 1239 3726 lectissime
1262 3681 1357 3740 signib-

235 3750 328 3795 casset!
384 3745 426 3793 48.
444 3749 542 3805 possim
561 3746 637 3792 Codd.
660 3747 828 3805 plerorumque
847 3749 974 3792 tectionem
998 3748 1104 3792 defendit
1121 3747 1226 3793 lluseblr.
1248 3751 1279 3794 ad
1296 3751 1355 3795 Tib.

235 3816 260 3872 2,
281 3815 305 3872 4,
327 3816 367 3863 17.
388 3817 479 3862 Contra
492 3829 594 3873 possem
613 3828 641 3860 es
655 3816 731 3860 Codd.
748 3816 847 3861 Laehrn.
865 3817 913 3860 lac.
936 3817 1020 3862 Recte.
1068 3813 1111 3862 49.
1129 3815 1271 3877 Quamlibet
1289 3818 1356 3862 ltali.

234 3885 334 3931 Livinei.
360 3887 450 3943 Vulgo.
504 3881 548 3930 50.
574 3897 683 3930 assensu
709 3884 785 3929 Codd.
807 3885 925 3940 plerique.
975 3882 1017 3929 ⁵2.
1038 3883 1138 3930 Claudia
1153 3885 1262 3946 Quinta,
1281 3886 1354 3941 Appii

235 3953 307 3999 Casei
322 3952 386 4008 fitia,
406 3954 512 3998 Vestalis
529 3954 613 4012 virgo,
634 3953 663 3998 de
681 3958 764 4007 stupro
787 3957 898 4009 suspecta
915 3966 1009 4006 narem,
1023 3953 1050 4014 in
1069 3966 1116 4010 qua
1135 3951 1225 4007 Cybele
1241 3967 1256 3997 a
1271 3955 1356 3999 Passi-

234 4026 321 4075 nuntc,
340 4023 460 4079 Phrygiae
477 4021 551 4076 urbe,
571 4021 671 4066 llomam
689 4023 789 4066 adducta
807 4027 859 4067 erat
879 4022 914 4076 (u.
934 4035 965 4072 e.,
980 4017 1063 4075 540),
1084 4033 1156 4078 quum
1177 4022 1275 4066 sederet
1293 4024 1354 4066 rado

234 4091 339 4143 limoso,
359 4091 454 4147 cingulo
476 4090 582 4134 adhibito
604 4088 685 4133 traxit.
698 4090 754 4134 Lir.
772 4087 803 4135 29
815 4120 823 4145 ‚
844 4086 888 4134 ll.
925 4088 997 4135 out.
1016 4089 1084 4136 rest.
1105 4086 1135 4143 l,
1156 4085 1216 4134 ³⁰7.
1236 4091 1354 4144 sit.,1tat..

236 4155 288 4210 ll,
309 4155 351 4203 to.
406 4154 448 4202 53.
467 4157 558 4202 Fabula
578 4159 607 4201 da
630 4157 733 4202 Aemilia
750 4158 829 4213 (cuius
850 4171 921 4215 quum
945 4158 1056 4204 socordia
1074 4159 1165 4202 Vestae
1181 4157 1244 4215 ignis
1264 4158 1354 4203 sastin-

235 4229 380 4281 reuocaret,
400 4225 462 4270 inter
479 4238 563 4280 preces
584 4225 711 4271 carbasina
730 4230 796 4272 veste
816 4225 897 4272 foculo
915 4225 1028 4282 imposita
1041 4225 1104 4284 ignis
1124 4225 1204 4270 subite
1225 4227 1353 4274 eniienim
