2952 4826
1190 208 1227 269 11

181 384 280 466 Quod
300 389 462 464 superest,
486 398 602 441 vacuas
616 373 719 439 aureis
737 370 836 448 mihi,
861 367 1050 445 Memmius,
1074 378 1105 433 et
1119 377 1167 443 te,
1191 365 1231 430 45

117 490 283 551 Semotum
304 505 322 546 a
342 482 446 556 curis,
470 478 585 544 adhibe
605 465 713 542 veram
735 478 775 540 ad
796 472 973 538 rationem:

116 591 170 653 Ne
193 609 261 651 mea
284 590 367 651 dona
388 583 454 648 tibi
471 581 577 648 studio
597 579 740 662 disposta
761 575 866 652 fideli,

115 690 285 755 Intellecta
307 687 396 772 prius
417 708 511 772 quam
533 683 612 759 sint,
636 691 819 763 contempta
838 677 1015 764 relinquas.

115 795 204 858 Nam
224 789 284 853 tibi
306 793 344 853 de
366 809 484 852 summa
505 785 585 851 caeli
606 783 731 850 ratione
753 785 910 866 deumque

116 893 289 960 Disserere
310 890 459 974 incipiam
482 900 514 953 et
531 909 638 952 rerum
659 883 837 968 primordia
858 885 1011 965 pandam

118 998 213 1062 Unde
234 993 355 1060 omneis
373 1005 486 1057 natura
506 1001 593 1056 creet
614 1011 682 1065 res,
706 998 810 1051 auctet
831 985 973 1070 alatque3

118 1100 258 1183 Quoque
280 1100 388 1160 eadem
409 1117 534 1158 rursum
554 1104 665 1156 natura
684 1099 849 1174 perempta
869 1087 1029 1152 resolvat:

118 1201 212 1281 Quae
234 1220 294 1263 nos
315 1196 475 1262 materiem
497 1207 529 1261 et
549 1193 700 1280 genitalia
721 1212 864 1275 corpora
885 1192 980 1254 rebus

116 1305 298 1367 Reddumla
317 1299 350 1364 iu
372 1297 496 1364 ratione
517 1319 638 1362 vocare
658 1307 690 1359 et
707 1293 830 1363 ,semina
850 1314 958 1356 rerum

118 1404 297 1488 Appellare
317 1405 443 1465 sue‘mus
465 1411 497 1464 et
515 1403 595 1464 haec
617 1401 725 1462 eadem
747 1415 902 1476 usurpare

20 1503 21 1522 ³
119 1506 277 1588 Corpora
297 1503 418 1588 prima,
440 1505 530 1588 quod
551 1523 593 1566 ex
613 1499 677 1563 illis
699 1509 771 1564 sunt
793 1496 899 1564 omnia
920 1495 1044 1579 primis.

186 1607 314 1692 [Omnis
336 1605 417 1670 enim
438 1627 497 1688 per
520 1627 553 1668 se
576 1601 686 1668 divom
709 1613 822 1665 natura
844 1621 973 1664 necesse
995 1609 1042 1664 est

120 1708 303 1774 Immortali
323 1709 405 1773 'aevo
428 1729 547 1772 summa
569 1726 741 1788 cumpace
763 1704 906 1780 fruatur,

121 1815 252 1876 Semota
274 1814 314 1875 ab
337 1808 455 1875 nostris
477 1812 573 1874 rebus
595 1807 798 1893 seiunctaque
820 1807 934 1892 longe3

120 1919 204 1980 Nam
226 1914 352 1998 privata
371 1913 485 1978 dolore
508 1910 610 1986 omni,
632 1909 759 1992 privata
779 1909 925 1992 periclis,

119 2020 196 2100 Ipsa
217 2016 283 2080 suis
302 2015 426 2098 pollens
448 2013 582 2096 opibus,
604 2011 684 2076 nihil
704 2011 812 2096 indiga
835 2009 956 2088 nostri,

121 2124 192 2186 Nec
216 2123 296 2182 bene
320 2115 504 2200 promeritis
528 2113 653 2198 capitur
677 2136 736 2179 nec
758 2113 902 2199 tangitur
923 2112 1001 2192 ire]

184 2225 332 2286 Humana
354 2230 426 2283 ante
448 2217 561 2283 oculos
584 2217 679 2282 foede
701 2238 798 2302 quom
824 2217 890 2280 vita
911 2213 1031 2280 iaceret

121 2327 161 2389 Iu
181 2323 295 2398 terris,
319 2343 475 2406 oppressa
498 2319 593 2405 gravi
613 2323 671 2382 sub
695 2318 886 2404 Religione‚

124 2429 212 2509 Quae
234 2436 330 2509 caput
351 2446 369 2487 a
392 2421 472 2487 caeli
497 2421 685 2508 regionibus
709 2425 912 2496 ostendebat,

122 2527 289 2595 Horribili
311 2548 407 2608 super
429 2536 558 2608 aspectu
581 2509 769 2590 mortalibus
790 2525 927 2600 instans;

123 2632 266 2697 Primum
290 2628 406 2700 Graius
425 2630 523 2692 homo
547 2627 710 2691 mortaleis
731 2627 847 2692 tollere
870 2639 982 2691 contra

125 2735 185 2798 Est
207 2733 319 2797 oculos
341 2752 434 2794 ausus
454 2728 638 2814 primusque
662 2728 817 2795 obsistere
838 2741 971 2796 contra:

124 2837 227 2917 Quem
246 2857 346 2920 neque
368 2834 453 2898 fama
474 2835 566 2896 dctlm
585 2854 645 2896 nec
664 2831 797 2896 fulmina
819 2854 879 2896 nec
902 2831 1056 2896 minitanti

60 2927 66 2936 ’
123 2941 292 3002 Murmure
317 2935 507 3019 compressit
529 2935 666 3010 caelum3
690 2938 745 3000 sed
767 2956 806 3000 eo
830 2933 929 3020 magis
954 2957 1060 3000 acrem
1197 2938 1237 2998 tu

123 3042 236 3104 Irrittt
258 3037 353 3102 animi
375 3038 542 3114 virtutem,
565 3037 738 3122 effringere
756 3049 791 3102 ut
808 3049 876 3101 arta

122 3196 191 3241 hante
210 3195 296 3238 Valck.
316 3194 334 3238 l.
354 3194 371 3240 Ι.
390 3195 431 3238 sed
449 3193 519 3237 obliti
538 3199 607 3238 erunt
623 3193 693 3237 umbo
712 3194 851 3238 imitationis
870 3193 1015 3239 Ovidiauae:
1036 3195 1096 3239 Met.
1113 3192 1143 3240 10
1154 3227 1160 3250 ‚
1176 3193 1234 3243 558.

124 3267 195 3324 inque
211 3265 271 3309 sinu
283 3263 379 3307 iussnis
387 3263 472 3320 positu
485 3264 591 3307 ceruice.
630 3260 670 3308 38.
685 3263 804 3322 resupino
816 3263 846 3310 E.
860 3283 894 3294 -
904 3264 1039 3321 resupinus
1052 3264 1135 3309 Heius.
1150 3266 1235 3309 Valck.

123 3359 155 3369 -
185 3333 301 3391 resupini
328 3333 386 3376 setis
412 3330 508 3376 firmant
535 3333 565 3378 G.
597 3332 626 3380 C.
672 3334 754 3390 Aeque
777 3333 839 3378 falsa
863 3337 900 3376 est
923 3334 996 3377 Wak.
1022 3335 1126 3390 suspirio
1151 3335 1237 3387 (oris.)

125 3402 165 3448 42.
186 3417 264 3464 ogere
282 3399 338 3459 lior]
358 3402 423 3456 „hoc
441 3416 536 3456 ipsum,
567 3404 629 3460 quod
647 3403 796 3458 suscepimus
815 3407 903 3447 attente
923 3407 947 3447 et
964 3405 1015 3447 sine
1034 3417 1090 3446 curs
1108 3417 1195 3462 agere,
1214 3406 1236 3448 in

123 3473 167 3517 hoc
186 3473 289 3516 studium
307 3471 472 3516 incumbere.”
495 3472 581 3516 Lainb.
637 3469 678 3518 45.
698 3470 866 3526 lllsmmiudu,
887 3477 910 3516 st
927 3479 950 3516 ts
974 3473 1004 3516 L.
1024 3473 1054 3516 ll.
1074 3477 1157 3516 contra
1176 3473 1235 3516 Cdd.

125 3542 209 3584 Placet
225 3539 373 3585 Wakefieldo
393 3542 463 3585 lectio
483 3541 543 3585 Cod.
563 3537 595 3589 A.
616 3539 653 3598 (et
671 3539 713 3598 C.)
733 3561 766 3576 -
784 3540 849 3600 quod
866 3547 996 3597 superest,
1017 3554 1125 3599 quaeso,
1144 3555 1237 3586 occisus

125 3606 189 3652 milii
205 3606 338 3652 Memmius
356 3623 448 3664 uurss,
469 3609 597 3654 semotim.
636 3609 678 3656 52.
697 3625 791 3670 quoque
809 3612 900 3656 Seneca
918 3611 963 3666 Ep.
986 3609 1026 3656 95.
1047 3611 1089 3654 W.
1112 3633 1140 3642 -
1161 3624 1236 3669 quoue

125 3677 276 3722 eoduma
296 3680 398 3728 anteW.
436 3677 478 3725 56.
498 3681 549 3724 sint
567 3680 596 3724 C.
635 3679 676 3727 57.
696 3682 726 3726 Hi
745 3695 786 3726 sex
804 3694 887 3726 versus
905 3680 935 3725 1..
956 3677 986 3733 2,
1008 3677 1067 3724 645.
1088 3681 1141 3724 loco
1159 3683 1237 3740 inagis

124 3753 179 3805 apto
198 3753 340 3801 recurrunt,
366 3749 431 3794 eth.
453 3752 468 3794 Ι.
489 3765 503 3793 a
522 3750 663 3808 quibusdam
683 3751 751 3794 libris
770 3752 854 3796 abesse
874 3752 1000 3807 dicuntum
1026 3752 1049 3793 in
1068 3748 1135 3793 Gott.
1155 3751 1184 3794 C.
1201 3751 1234 3795 Ε.

122 3819 184 3862 Edd.
205 3821 263 3862 vett.
283 3818 419 3863 inseruntur
442 3825 497 3874 post
514 3834 537 3868 r.
558 3816 619 3876 ll.;
639 3820 684 3864 huc
702 3821 827 3864 collocavit
843 3823 887 3864 Ar.
927 3817 967 3864 65.
987 3817 1132 3863 obtendebat
1150 3820 1192 3864 W.
1212 3821 1236 3864 iu

124 3893 250 3939 contextu,
279 3890 362 3932 contra
385 3888 460 3932 Codd.
487 3894 511 3933 et
536 3889 598 3932 Edd.
628 3903 720 3933 omnes.
777 3887 818 3935 67.
846 3875 946 3934 lentiore
965 3887 1072 3942 Nonius,
1103 3894 1186 3933 contra
1205 3889 1236 3934 G.

126 3954 166 4004 69.
177 3953 246 4014 sunu
263 3957 343 4002 Bentl.
357 3959 420 4002 coni.
435 3959 504 4005 aW.
525 3963 631 4012 recepta.
654 3979 683 3990 -·
704 3954 793 4015 „sum
805 3956 879 4003 desim
892 3964 928 4003 est
940 3957 1003 4001 fama
1015 3958 1043 4001 de
1062 3959 1122 4013 diis,
1143 3959 1236 4004 fabulae

124 4028 152 4070 de
171 4027 206 4070 ira
225 4041 309 4072 eorum
327 4029 390 4073 etde
403 4030 501 4084 poenis,
522 4028 607 4085 quibus
619 4032 795 4082 contemptores
808 4041 865 4072 suos
878 4026 1009 4072 afficiant.''
1028 4027 1104 4073 Fortu.
1143 4027 1184 4074 tt.
1199 4031 1237 4073 Sic

124 4094 186 4142 Nou.
205 4097 283 4142 Prisc.
304 4093 339 4154 (v.
353 4095 441 4151 Forb.)
461 4097 505 4141 Cd.
525 4096 556 4145 Σ.
570 4098 612 4141 W.
626 4096 719 4141 Eichst.
739 4120 772 4130 —-
790 4095 901 4142 Irrituns
919 4097 1000 4142 animi
1018 4098 1133 4143 uirtutem
1150 4095 1237 4160 effrin-

123 4178 184 4224 gere
194 4165 222 4210 C.
243 4191 276 4200 -
293 4165 388 4211 inritus
405 4165 485 4210 animi
497 4167 584 4211 uirtute
597 4163 760 4226 confringere
773 4167 806 4212 G.
818 4172 842 4212 et
854 4169 909 4221 alii,
930 4168 976 4212 nisi
989 4170 1050 4226 quod
1064 4169 1191 4213 uirtutem.
1205 4191 1238 4202 -·

123 4234 226 4279 irritant
235 4235 349 4281 uirtutem
359 4236 440 4281 enimi
451 4232 533 4295 confr.
545 4236 574 4281 E.
590 4257 622 4268 —
633 4236 723 4280 Iri-itur
735 4237 849 4282 uirtutem
861 4237 940 4282 enimi
950 4235 1102 4298 consmildd.
1111 4243 1181 4291 vett..
1193 4250 1237 4294 ego

124 4305 146 4347 in
155 4303 199 4348 Ed.
209 4319 245 4360 pr.
254 4306 282 4354 F.
295 4306 367 4352 Omni
377 4306 517 4352 nuctoritate
525 4312 590 4352 caret
599 4306 626 4352 t..
637 4312 660 4352 et
667 4308 696 4356 ll.
706 4309 825 4364 scriptura
834 4305 955 4354 Virtutem
962 4304 1051 4354 irritsit
1058 4306 1145 4360 animi,
1154 4302 1237 4364 consr-
