<?xml version="1.0" encoding="UTF-8"?>
<!DOCTYPE html PUBLIC "-//W3C//DTD XHTML 1.0 Transitional//EN"
    "http://www.w3.org/TR/xhtml1/DTD/xhtml1-transitional.dtd">
<html xmlns="http://www.w3.org/1999/xhtml" xml:lang="en" lang="en">
 <head>
  <title>
</title>
<meta http-equiv="Content-Type" content="text/html;charset=utf-8" />
  <meta name='ocr-system' content='tesseract 3.04.00' />
  <meta name='ocr-capabilities' content='ocr_page ocr_carea ocr_par ocr_line ocrx_word'/>
</head>
<body>
  <div class='ocr_page' id='page_1' title='image "./eclogaepoetarum01orelgoog_0254.png"; bbox 0 0 2946 4816; ppageno 0'>
   <div class='ocr_carea' id='block_1_1' title="bbox 130 378 1102 1503">
    <p class='ocr_par' dir='ltr' id='par_1_1' title="bbox 133 378 927 480">
     <span class='ocr_line' id='line_1_1' title="bbox 133 378 927 480; baseline 0.004 -17"><span class='ocrx_word' id='word_1_1' title='bbox 133 387 265 463; x_wconf 78' lang='lat' dir='ltr'>credite</span> <span class='ocrx_word' id='word_1_2' title='bbox 289 415 339 460; x_wconf 87' lang='lat' dir='ltr'>me</span> <span class='ocrx_word' id='word_1_3' title='bbox 360 392 457 461; x_wconf 83' lang='lat' dir='ltr'>vobis</span> <span class='ocrx_word' id='word_1_4' title='bbox 478 389 591 461; x_wconf 70' lang='lat' dir='ltr'>tatium</span> <span class='ocrx_word' id='word_1_5' title='bbox 614 396 750 463; x_wconf 87' lang='lat' dir='ltr'>recitare</span> <span class='ocrx_word' id='word_1_6' title='bbox 772 378 927 480; x_wconf 79' lang='lat' dir='ltr'>Sibyllae.</span> 
     </span>
    </p>

    <p class='ocr_par' dir='ltr' id='par_1_2' title="bbox 130 497 1102 1196">
     <span class='ocr_line' id='line_1_2' title="bbox 131 497 1042 586; baseline 0.007 -26"><span class='ocrx_word' id='word_1_7' title='bbox 131 498 167 560; x_wconf 89' lang='lat' dir='ltr'>Si</span> <span class='ocrx_word' id='word_1_8' title='bbox 188 497 247 562; x_wconf 84' lang='lat' dir='ltr'>tibi</span> <span class='ocrx_word' id='word_1_9' title='bbox 269 510 376 562; x_wconf 85' lang='lat' dir='ltr'>sancta</span> <span class='ocrx_word' id='word_1_10' title='bbox 398 499 519 562; x_wconf 91' lang='lat' dir='ltr'>cohors</span> <span class='ocrx_word' id='word_1_11' title='bbox 541 498 715 576; x_wconf 66' lang='lat' dir='ltr'>eornssnms</span> <span class='ocrx_word' id='word_1_12' title='bbox 738 499 765 564; x_wconf 88' lang='lat' dir='ltr'>si</span> <span class='ocrx_word' id='word_1_13' title='bbox 787 521 880 566; x_wconf 84' lang='lat' dir='ltr'>nemo</span> <span class='ocrx_word' id='word_1_14' title='bbox 902 500 1042 586; x_wconf 79' lang='lat' dir='ltr'>tribunal</span> 
     </span>
     <span class='ocr_line' id='line_1_3' title="bbox 131 585 1102 688; baseline 0.007 -24"><span class='ocrx_word' id='word_1_15' title='bbox 131 600 253 664; x_wconf 83' lang='lat' dir='ltr'>Vendit</span> <span class='ocrx_word' id='word_1_16' title='bbox 275 601 528 678; x_wconf 80' lang='lat' dir='ltr'>Acersccosnes3</span> <span class='ocrx_word' id='word_1_17' title='bbox 553 602 579 665; x_wconf 84' lang='lat' dir='ltr'>si</span> <span class='ocrx_word' id='word_1_18' title='bbox 595 602 722 666; x_wconf 81' lang='lat' dir='ltr'>nultum</span> <span class='ocrx_word' id='word_1_19' title='bbox 744 601 777 667; x_wconf 92' lang='lat' dir='ltr'>in</span> <span class='ocrx_word' id='word_1_20' title='bbox 798 601 938 688; x_wconf 68' lang='lat' dir='ltr'>coniage</span> <span class='ocrx_word' id='word_1_21' title='bbox 959 585 1102 670; x_wconf 63' lang='lat' dir='ltr'>oritnen⁸</span> 
     </span>
     <span class='ocr_line' id='line_1_4' title="bbox 130 703 1030 789; baseline 0.008 -23"><span class='ocrx_word' id='word_1_22' title='bbox 130 703 203 766; x_wconf 86' lang='lat' dir='ltr'>Nec</span> <span class='ocrx_word' id='word_1_23' title='bbox 223 724 284 785; x_wconf 88' lang='lat' dir='ltr'>per</span> <span class='ocrx_word' id='word_1_24' title='bbox 306 715 484 768; x_wconf 89' lang='lat' dir='ltr'>conventus</span> <span class='ocrx_word' id='word_1_25' title='bbox 506 715 538 768; x_wconf 90' lang='lat' dir='ltr'>et</span> <span class='ocrx_word' id='word_1_26' title='bbox 560 713 674 768; x_wconf 77' lang='lat' dir='ltr'>crincta</span> <span class='ocrx_word' id='word_1_27' title='bbox 696 725 757 787; x_wconf 87' lang='lat' dir='ltr'>per</span> <span class='ocrx_word' id='word_1_28' title='bbox 778 705 897 789; x_wconf 88' lang='lat' dir='ltr'>oppida</span> <span class='ocrx_word' id='word_1_29' title='bbox 919 706 1030 774; x_wconf 86' lang='lat' dir='ltr'>curvis</span> 
     </span>
     <span class='ocr_line' id='line_1_5' title="bbox 130 804 994 892; baseline 0.005 -23"><span class='ocrx_word' id='word_1_30' title='bbox 130 804 302 889; x_wconf 77' lang='lat' dir='ltr'>Unguibus</span> <span class='ocrx_word' id='word_1_31' title='bbox 323 805 372 868; x_wconf 88' lang='lat' dir='ltr'>irc</span> <span class='ocrx_word' id='word_1_32' title='bbox 393 817 488 888; x_wconf 84' lang='lat' dir='ltr'>parnt</span> <span class='ocrx_word' id='word_1_33' title='bbox 509 825 654 871; x_wconf 89' lang='lat' dir='ltr'>nummos</span> <span class='ocrx_word' id='word_1_34' title='bbox 675 819 807 892; x_wconf 90' lang='lat' dir='ltr'>raptura</span> <span class='ocrx_word' id='word_1_35' title='bbox 829 806 994 874; x_wconf 79' lang='lat' dir='ltr'>Celaenot</span> 
     </span>
     <span class='ocr_line' id='line_1_6' title="bbox 132 906 1036 995; baseline 0.007 -24"><span class='ocrx_word' id='word_1_36' title='bbox 132 910 227 971; x_wconf 81' lang='lat' dir='ltr'>Tarne</span> <span class='ocrx_word' id='word_1_37' title='bbox 248 906 322 971; x_wconf 89' lang='lat' dir='ltr'>licet</span> <span class='ocrx_word' id='word_1_38' title='bbox 345 929 362 970; x_wconf 88' lang='lat' dir='ltr'>a</span> <span class='ocrx_word' id='word_1_39' title='bbox 384 907 467 973; x_wconf 90' lang='lat' dir='ltr'>Pico</span> <span class='ocrx_word' id='word_1_40' title='bbox 491 929 636 974; x_wconf 76' lang='lat' dir='ltr'><strong>numeres</strong></span> <span class='ocrx_word' id='word_1_41' title='bbox 660 930 780 992; x_wconf 82' lang='lat' dir='ltr'>genus3</span> <span class='ocrx_word' id='word_1_42' title='bbox 804 910 932 995; x_wconf 82' lang='lat' dir='ltr'>altaque</span> <span class='ocrx_word' id='word_1_43' title='bbox 954 909 981 976; x_wconf 86' lang='lat' dir='ltr'>si</span> <span class='ocrx_word' id='word_1_44' title='bbox 1002 921 1036 976; x_wconf 85' lang='lat' dir='ltr'>tc</span> 
     </span>
     <span class='ocr_line' id='line_1_7' title="bbox 130 1008 947 1096; baseline 0.004 -23"><span class='ocrx_word' id='word_1_45' title='bbox 130 1008 270 1073; x_wconf 83' lang='lat' dir='ltr'><strong>Nomina</strong></span> <span class='ocrx_word' id='word_1_46' title='bbox 292 1009 465 1086; x_wconf 88' lang='lat' dir='ltr'>delectant,</span> <span class='ocrx_word' id='word_1_47' title='bbox 479 1031 615 1075; x_wconf 83' lang='lat' dir='ltr'>omnem</span> <span class='ocrx_word' id='word_1_48' title='bbox 637 1009 786 1075; x_wconf 79' lang='lat' dir='ltr'>Titanida</span> <span class='ocrx_word' id='word_1_49' title='bbox 805 1031 947 1096; x_wconf 82' lang='lat' dir='ltr'>pugnam</span> 
     </span>
     <span class='ocr_line' id='line_1_8' title="bbox 131 1111 933 1196; baseline 0.001 -21"><span class='ocrx_word' id='word_1_50' title='bbox 131 1111 221 1176; x_wconf 88' lang='lat' dir='ltr'>luter</span> <span class='ocrx_word' id='word_1_51' title='bbox 244 1111 380 1176; x_wconf 87' lang='lat' dir='ltr'>maiores</span> <span class='ocrx_word' id='word_1_52' title='bbox 401 1111 568 1196; x_wconf 86' lang='lat' dir='ltr'>ipsumque</span> <span class='ocrx_word' id='word_1_53' title='bbox 590 1113 789 1178; x_wconf 87' lang='lat' dir='ltr'>Promethea</span> <span class='ocrx_word' id='word_1_54' title='bbox 811 1133 933 1196; x_wconf 83' lang='lat' dir='ltr'>ponas3</span> 
     </span>
    </p>

    <p class='ocr_par' dir='ltr' id='par_1_3' title="bbox 130 1212 1033 1503">
     <span class='ocr_line' id='line_1_9' title="bbox 130 1212 1033 1298; baseline 0.007 -22"><span class='ocrx_word' id='word_1_55' title='bbox 130 1213 182 1276; x_wconf 93' lang='lat' dir='ltr'>De</span> <span class='ocrx_word' id='word_1_56' title='bbox 203 1234 396 1297; x_wconf 86' lang='lat' dir='ltr'>quocunque</span> <span class='ocrx_word' id='word_1_57' title='bbox 419 1215 511 1278; x_wconf 85' lang='lat' dir='ltr'>voles</span> <span class='ocrx_word' id='word_1_58' title='bbox 531 1235 692 1298; x_wconf 79' lang='lat' dir='ltr'>proavum</span> <span class='ocrx_word' id='word_1_59' title='bbox 713 1212 772 1278; x_wconf 91' lang='lat' dir='ltr'>tibi</span> <span class='ocrx_word' id='word_1_60' title='bbox 793 1213 910 1280; x_wconf 88' lang='lat' dir='ltr'>sumito</span> <span class='ocrx_word' id='word_1_61' title='bbox 934 1214 1033 1282; x_wconf 80' lang='lat' dir='ltr'>libro.</span> 
     </span>
     <span class='ocr_line' id='line_1_10' title="bbox 132 1314 1026 1402; baseline 0.009 -27"><span class='ocrx_word' id='word_1_62' title='bbox 132 1315 229 1397; x_wconf 85' lang='lat' dir='ltr'>Quod</span> <span class='ocrx_word' id='word_1_63' title='bbox 251 1315 277 1379; x_wconf 85' lang='lat' dir='ltr'>si</span> <span class='ocrx_word' id='word_1_64' title='bbox 299 1314 505 1398; x_wconf 87' lang='lat' dir='ltr'>praecipitem</span> <span class='ocrx_word' id='word_1_65' title='bbox 525 1315 611 1398; x_wconf 80' lang='lat' dir='ltr'>rapit</span> <span class='ocrx_word' id='word_1_66' title='bbox 632 1315 764 1382; x_wconf 82' lang='lat' dir='ltr'>ambitio</span> <span class='ocrx_word' id='word_1_67' title='bbox 787 1328 882 1402; x_wconf 90' lang='lat' dir='ltr'>atque</span> <span class='ocrx_word' id='word_1_68' title='bbox 904 1316 1026 1396; x_wconf 80' lang='lat' dir='ltr'>libito,</span> 
     </span>
     <span class='ocr_line' id='line_1_11' title="bbox 132 1416 984 1503; baseline 0.008 -25"><span class='ocrx_word' id='word_1_69' title='bbox 132 1419 168 1480; x_wconf 90' lang='lat' dir='ltr'>Si</span> <span class='ocrx_word' id='word_1_70' title='bbox 189 1416 313 1500; x_wconf 79' lang='lat' dir='ltr'>frangis</span> <span class='ocrx_word' id='word_1_71' title='bbox 336 1416 445 1501; x_wconf 86' lang='lat' dir='ltr'>virgas</span> <span class='ocrx_word' id='word_1_72' title='bbox 467 1416 630 1482; x_wconf 85' lang='lat' dir='ltr'>sociorum</span> <span class='ocrx_word' id='word_1_73' title='bbox 651 1417 683 1482; x_wconf 91' lang='lat' dir='ltr'>in</span> <span class='ocrx_word' id='word_1_74' title='bbox 705 1418 878 1503; x_wconf 86' lang='lat' dir='ltr'>sanguine,</span> <span class='ocrx_word' id='word_1_75' title='bbox 902 1417 931 1483; x_wconf 87' lang='lat' dir='ltr'>si</span> <span class='ocrx_word' id='word_1_76' title='bbox 951 1431 984 1485; x_wconf 90' lang='lat' dir='ltr'>te</span> 
     </span>
    </p>
   </div>
   <div class='ocr_carea' id='block_1_2' title="bbox 54 1519 867 1586">
    <p class='ocr_par' dir='ltr' id='par_1_4' title="bbox 54 1519 867 1586">
     <span class='ocr_line' id='line_1_12' title="bbox 54 1519 867 1586; baseline 0.002 -2"><span class='ocrx_word' id='word_1_77' title='bbox 54 1525 55 1532; x_wconf 75' lang='grc'>’</span> <span class='ocrx_word' id='word_1_78' title='bbox 129 1519 301 1584; x_wconf 78' lang='lat' dir='ltr'>Delectant</span> <span class='ocrx_word' id='word_1_79' title='bbox 321 1520 451 1583; x_wconf 80' lang='lat' dir='ltr'><strong>hebetes</strong></span> <span class='ocrx_word' id='word_1_80' title='bbox 473 1519 557 1584; x_wconf 88' lang='lat' dir='ltr'>lasso</span> <span class='ocrx_word' id='word_1_81' title='bbox 578 1519 694 1584; x_wconf 88' lang='lat' dir='ltr'>liotore</span> <span class='ocrx_word' id='word_1_82' title='bbox 717 1541 867 1586; x_wconf 80' lang='lat' dir='ltr'>securess</span> 
     </span>
    </p>
   </div>
   <div class='ocr_carea' id='block_1_3' title="bbox 127 1621 1253 2421">
    <p class='ocr_par' dir='ltr' id='par_1_5' title="bbox 129 1621 898 1706">
     <span class='ocr_line' id='line_1_13' title="bbox 129 1621 898 1706; baseline 0.003 -22"><span class='ocrx_word' id='word_1_83' title='bbox 129 1621 250 1702; x_wconf 84' lang='lat' dir='ltr'>Incipit</span> <span class='ocrx_word' id='word_1_84' title='bbox 270 1621 413 1703; x_wconf 87' lang='lat' dir='ltr'>ipsorum</span> <span class='ocrx_word' id='word_1_85' title='bbox 435 1629 549 1685; x_wconf 87' lang='lat' dir='ltr'>contra</span> <span class='ocrx_word' id='word_1_86' title='bbox 569 1633 601 1686; x_wconf 95' lang='lat' dir='ltr'>te</span> <span class='ocrx_word' id='word_1_87' title='bbox 623 1633 709 1686; x_wconf 87' lang='lat' dir='ltr'>stare</span> <span class='ocrx_word' id='word_1_88' title='bbox 731 1633 898 1706; x_wconf 84' lang='lat' dir='ltr'>parentum</span> 
     </span>
    </p>

    <p class='ocr_par' dir='ltr' id='par_1_6' title="bbox 130 1723 998 1808">
     <span class='ocr_line' id='line_1_14' title="bbox 130 1723 998 1808; baseline 0.007 -21"><span class='ocrx_word' id='word_1_89' title='bbox 130 1723 293 1787; x_wconf 78' lang='lat' dir='ltr'>Nobilitas</span> <span class='ocrx_word' id='word_1_90' title='bbox 316 1725 498 1808; x_wconf 86' lang='lat' dir='ltr'>claramque</span> <span class='ocrx_word' id='word_1_91' title='bbox 519 1725 620 1792; x_wconf 81' lang='lat' dir='ltr'>lacem</span> <span class='ocrx_word' id='word_1_92' title='bbox 642 1726 808 1808; x_wconf 82' lang='lat' dir='ltr'>praeferre</span> <span class='ocrx_word' id='word_1_93' title='bbox 830 1725 998 1808; x_wconf 83' lang='lat' dir='ltr'>pudendis.</span> 
     </span>
    </p>

    <p class='ocr_par' dir='ltr' id='par_1_7' title="bbox 130 1825 1253 2014">
     <span class='ocr_line' id='line_1_15' title="bbox 133 1825 1253 1910; baseline 0.009 -20"><span class='ocrx_word' id='word_1_94' title='bbox 133 1826 238 1890; x_wconf 90' lang='lat' dir='ltr'>Omne</span> <span class='ocrx_word' id='word_1_95' title='bbox 260 1825 354 1890; x_wconf 90' lang='lat' dir='ltr'>animi</span> <span class='ocrx_word' id='word_1_96' title='bbox 376 1825 484 1890; x_wconf 88' lang='lat' dir='ltr'>vitium</span> <span class='ocrx_word' id='word_1_97' title='bbox 507 1837 596 1891; x_wconf 92' lang='lat' dir='ltr'>tanto</span> <span class='ocrx_word' id='word_1_98' title='bbox 618 1827 823 1910; x_wconf 81' lang='lat' dir='ltr'>conspectius</span> <span class='ocrx_word' id='word_1_99' title='bbox 843 1829 874 1892; x_wconf 91' lang='lat' dir='ltr'>in</span> <span class='ocrx_word' id='word_1_100' title='bbox 896 1850 931 1894; x_wconf 89' lang='lat' dir='ltr'>se</span> <span class='ocrx_word' id='word_1_101' title='bbox 1190 1833 1253 1900; x_wconf 82' lang='grc'>110</span> 
     </span>
     <span class='ocr_line' id='line_1_16' title="bbox 130 1925 1091 2014; baseline 0.009 -24"><span class='ocrx_word' id='word_1_102' title='bbox 130 1925 263 1990; x_wconf 81' lang='lat' dir='ltr'>Crimen</span> <span class='ocrx_word' id='word_1_103' title='bbox 285 1928 397 2002; x_wconf 85' lang='lat' dir='ltr'>habet,</span> <span class='ocrx_word' id='word_1_104' title='bbox 421 1939 542 2011; x_wconf 89' lang='lat' dir='ltr'>quanto</span> <span class='ocrx_word' id='word_1_105' title='bbox 563 1927 687 2006; x_wconf 87' lang='lat' dir='ltr'>maior,</span> <span class='ocrx_word' id='word_1_106' title='bbox 710 1929 765 2014; x_wconf 92' lang='lat' dir='ltr'>qui</span> <span class='ocrx_word' id='word_1_107' title='bbox 786 1942 917 2012; x_wconf 86' lang='lat' dir='ltr'>peccat,</span> <span class='ocrx_word' id='word_1_108' title='bbox 940 1932 1091 1999; x_wconf 87' lang='lat' dir='ltr'>babetur.</span> 
     </span>
    </p>

    <p class='ocr_par' dir='ltr' id='par_1_8' title="bbox 130 2027 934 2116">
     <span class='ocr_line' id='line_1_17' title="bbox 130 2027 934 2116; baseline 0.004 -23"><span class='ocrx_word' id='word_1_109' title='bbox 130 2029 207 2111; x_wconf 85' lang='lat' dir='ltr'>Quo</span> <span class='ocrx_word' id='word_1_110' title='bbox 231 2027 305 2093; x_wconf 93' lang='lat' dir='ltr'>mibi</span> <span class='ocrx_word' id='word_1_111' title='bbox 326 2042 358 2093; x_wconf 89' lang='lat' dir='ltr'>te</span> <span class='ocrx_word' id='word_1_112' title='bbox 380 2030 507 2094; x_wconf 88' lang='lat' dir='ltr'>solitum</span> <span class='ocrx_word' id='word_1_113' title='bbox 529 2030 626 2095; x_wconf 81' lang='lat' dir='ltr'>falsas</span> <span class='ocrx_word' id='word_1_114' title='bbox 648 2030 778 2116; x_wconf 84' lang='lat' dir='ltr'>signare</span> <span class='ocrx_word' id='word_1_115' title='bbox 800 2032 934 2098; x_wconf 86' lang='lat' dir='ltr'>tabellas</span> 
     </span>
    </p>

    <p class='ocr_par' dir='ltr' id='par_1_9' title="bbox 127 2129 1168 2320">
     <span class='ocr_line' id='line_1_18' title="bbox 127 2129 1168 2220; baseline 0.006 -24"><span class='ocrx_word' id='word_1_116' title='bbox 127 2129 169 2196; x_wconf 89' lang='lat' dir='ltr'>In</span> <span class='ocrx_word' id='word_1_117' title='bbox 191 2133 337 2213; x_wconf 89' lang='lat' dir='ltr'>templis,</span> <span class='ocrx_word' id='word_1_118' title='bbox 362 2152 444 2218; x_wconf 87' lang='lat' dir='ltr'>quae</span> <span class='ocrx_word' id='word_1_119' title='bbox 463 2132 542 2197; x_wconf 84' lang='lat' dir='ltr'>fecit</span> <span class='ocrx_word' id='word_1_120' title='bbox 563 2155 659 2211; x_wconf 88' lang='lat' dir='ltr'>avus,</span> <span class='ocrx_word' id='word_1_121' title='bbox 683 2145 884 2220; x_wconf 86' lang='lat' dir='ltr'>statuamque</span> <span class='ocrx_word' id='word_1_122' title='bbox 905 2135 1050 2218; x_wconf 88' lang='lat' dir='ltr'>parentis</span> <span class='ocrx_word' id='word_1_123' title='bbox 1094 2129 1095 2134; x_wconf 32' lang='lat'>¹</span> <span class='ocrx_word' id='word_1_124' title='bbox 1165 2147 1168 2154; x_wconf 85' lang='lat'>&#39;</span> 
     </span>
     <span class='ocr_line' id='line_1_19' title="bbox 128 2233 987 2320; baseline 0.003 -21"><span class='ocrx_word' id='word_1_125' title='bbox 128 2237 217 2299; x_wconf 84' lang='lat' dir='ltr'>Ante</span> <span class='ocrx_word' id='word_1_126' title='bbox 240 2233 483 2316; x_wconf 78' lang='lat' dir='ltr'>triumphalem?</span> <span class='ocrx_word' id='word_1_127' title='bbox 505 2257 591 2320; x_wconf 76' lang='lat' dir='ltr'>quio,</span> <span class='ocrx_word' id='word_1_128' title='bbox 615 2235 642 2300; x_wconf 92' lang='lat' dir='ltr'>si</span> <span class='ocrx_word' id='word_1_129' title='bbox 664 2248 840 2302; x_wconf 88' lang='lat' dir='ltr'>nocturnus</span> <span class='ocrx_word' id='word_1_130' title='bbox 862 2239 987 2304; x_wconf 79' lang='lat' dir='ltr'>adulter</span> 
     </span>
    </p>

    <p class='ocr_par' dir='ltr' id='par_1_10' title="bbox 129 2337 957 2421">
     <span class='ocr_line' id='line_1_20' title="bbox 129 2337 957 2421; baseline 0.004 -21"><span class='ocrx_word' id='word_1_131' title='bbox 129 2339 295 2418; x_wconf 82' lang='lat' dir='ltr'>Tempora</span> <span class='ocrx_word' id='word_1_132' title='bbox 319 2337 493 2401; x_wconf 87' lang='lat' dir='ltr'>Santonico</span> <span class='ocrx_word' id='word_1_133' title='bbox 515 2337 603 2401; x_wconf 87' lang='lat' dir='ltr'>velas</span> <span class='ocrx_word' id='word_1_134' title='bbox 626 2341 782 2421; x_wconf 82' lang='lat' dir='ltr'>adoperta</span> <span class='ocrx_word' id='word_1_135' title='bbox 803 2338 957 2404; x_wconf 82' lang='lat' dir='ltr'>cucullo?</span> 
     </span>
    </p>
   </div>
   <div class='ocr_carea' id='block_1_4' title="bbox 126 2438 958 2630">
    <p class='ocr_par' dir='ltr' id='par_1_11' title="bbox 126 2438 958 2630">
     <span class='ocr_line' id='line_1_21' title="bbox 126 2438 954 2525; baseline 0.004 -22"><span class='ocrx_word' id='word_1_136' title='bbox 126 2440 268 2503; x_wconf 88' lang='lat' dir='ltr'>Praeter</span> <span class='ocrx_word' id='word_1_137' title='bbox 290 2438 446 2502; x_wconf 87' lang='lat' dir='ltr'>maiorum</span> <span class='ocrx_word' id='word_1_138' title='bbox 468 2439 591 2503; x_wconf 90' lang='lat' dir='ltr'>cineres</span> <span class='ocrx_word' id='word_1_139' title='bbox 613 2452 709 2525; x_wconf 91' lang='lat' dir='ltr'>atque</span> <span class='ocrx_word' id='word_1_140' title='bbox 731 2461 805 2505; x_wconf 87' lang='lat' dir='ltr'>ossa</span> <span class='ocrx_word' id='word_1_141' title='bbox 827 2441 954 2506; x_wconf 83' lang='lat' dir='ltr'>volucri</span> 
     </span>
     <span class='ocr_line' id='line_1_22' title="bbox 128 2539 958 2630; baseline 0.004 -24"><span class='ocrx_word' id='word_1_142' title='bbox 128 2539 296 2624; x_wconf 90' lang='lat' dir='ltr'>Carpento</span> <span class='ocrx_word' id='word_1_143' title='bbox 317 2540 443 2624; x_wconf 88' lang='lat' dir='ltr'>rapitur</span> <span class='ocrx_word' id='word_1_144' title='bbox 461 2539 593 2626; x_wconf 86' lang='lat' dir='ltr'>pinguis</span> <span class='ocrx_word' id='word_1_145' title='bbox 614 2543 794 2608; x_wconf 86' lang='lat' dir='ltr'>Lateranus</span> <span class='ocrx_word' id='word_1_146' title='bbox 815 2555 846 2608; x_wconf 91' lang='lat' dir='ltr'>et</span> <span class='ocrx_word' id='word_1_147' title='bbox 868 2543 958 2630; x_wconf 85' lang='lat' dir='ltr'>ipse,</span> 
     </span>
    </p>
   </div>
   <div class='ocr_carea' id='block_1_5' title="bbox 119 2719 1334 4295">
    <p class='ocr_par' dir='ltr' id='par_1_12' title="bbox 121 2719 1334 3476">
     <span class='ocr_line' id='line_1_23' title="bbox 128 2719 1251 2786; baseline 0.006 -18"><span class='ocrx_word' id='word_1_148' title='bbox 128 2719 190 2771; x_wconf 71' lang='grc'><strong>121.</strong></span> <span class='ocrx_word' id='word_1_149' title='bbox 208 2723 318 2767; x_wconf 66' lang='lat' dir='ltr'>wentam</span> <span class='ocrx_word' id='word_1_150' title='bbox 337 2723 368 2768; x_wconf 75' lang='lat' dir='ltr'>F.</span> <span class='ocrx_word' id='word_1_151' title='bbox 415 2719 475 2770; x_wconf 74' lang='lat' dir='ltr'>tte.</span> <span class='ocrx_word' id='word_1_152' title='bbox 494 2723 527 2770; x_wconf 82' lang='lat' dir='ltr'>ttt</span> <span class='ocrx_word' id='word_1_153' title='bbox 543 2737 603 2780; x_wconf 89' lang='lat' dir='ltr'>nos,</span> <span class='ocrx_word' id='word_1_154' title='bbox 623 2738 706 2770; x_wconf 83' lang='lat' dir='ltr'>omnes</span> <span class='ocrx_word' id='word_1_155' title='bbox 724 2725 782 2771; x_wconf 87' lang='lat' dir='ltr'>mei.</span> <span class='ocrx_word' id='word_1_156' title='bbox 801 2723 862 2771; x_wconf 74' lang='lat' dir='ltr'>Ante</span> <span class='ocrx_word' id='word_1_157' title='bbox 880 2723 943 2782; x_wconf 81' lang='lat' dir='ltr'>iisp.</span> <span class='ocrx_word' id='word_1_158' title='bbox 959 2737 967 2774; x_wconf 84' lang='lat' dir='ltr'>t</span> <span class='ocrx_word' id='word_1_159' title='bbox 985 2738 1040 2772; x_wconf 81' lang='lat' dir='ltr'>nass</span> <span class='ocrx_word' id='word_1_160' title='bbox 1054 2731 1093 2774; x_wconf 81' lang='lat' dir='ltr'>est</span> <span class='ocrx_word' id='word_1_161' title='bbox 1108 2730 1251 2786; x_wconf 70' lang='lat' dir='ltr'>sententias</span> 
     </span>
     <span class='ocr_line' id='line_1_24' title="bbox 125 2789 1253 2850; baseline 0.005 -11"><span class='ocrx_word' id='word_1_162' title='bbox 125 2805 214 2839; x_wconf 74' lang='lat' dir='ltr'>seram</span> <span class='ocrx_word' id='word_1_163' title='bbox 231 2795 278 2838; x_wconf 74' lang='lat' dir='ltr'>eet.</span> <span class='ocrx_word' id='word_1_164' title='bbox 326 2789 491 2838; x_wconf 68' lang='lat' dir='ltr'>crederesne.</span> <span class='ocrx_word' id='word_1_165' title='bbox 539 2795 587 2838; x_wconf 72' lang='lat' dir='ltr'>Sed</span> <span class='ocrx_word' id='word_1_166' title='bbox 613 2795 798 2850; x_wconf 80' lang='lat' dir='ltr'>explicandum:</span> <span class='ocrx_word' id='word_1_167' title='bbox 826 2797 933 2840; x_wconf 83' lang='lat' dir='ltr'>non-eal</span> <span class='ocrx_word' id='word_1_168' title='bbox 949 2797 1073 2842; x_wconf 82' lang='lat' dir='ltr'>sententia</span> <span class='ocrx_word' id='word_1_169' title='bbox 1091 2799 1150 2844; x_wconf 82' lang='lat' dir='ltr'>baec</span> <span class='ocrx_word' id='word_1_170' title='bbox 1169 2800 1253 2844; x_wconf 89' lang='lat' dir='ltr'>rbeto·</span> 
     </span>
     <span class='ocr_line' id='line_1_25' title="bbox 125 2862 1251 2921; baseline 0.007 -15"><span class='ocrx_word' id='word_1_171' title='bbox 125 2864 193 2917; x_wconf 85' lang='lat' dir='ltr'>rios,</span> <span class='ocrx_word' id='word_1_172' title='bbox 213 2863 386 2921; x_wconf 72' lang='lat' dir='ltr'>eraggeratio‚</span> <span class='ocrx_word' id='word_1_173' title='bbox 406 2867 432 2906; x_wconf 85' lang='lat' dir='ltr'>nt</span> <span class='ocrx_word' id='word_1_174' title='bbox 449 2862 580 2907; x_wconf 86' lang='lat' dir='ltr'>Petronius</span> <span class='ocrx_word' id='word_1_175' title='bbox 600 2864 710 2909; x_wconf 78' lang='lat' dir='ltr'>laudante</span> <span class='ocrx_word' id='word_1_176' title='bbox 733 2863 782 2908; x_wconf 83' lang='lat' dir='ltr'>isan</span> <span class='ocrx_word' id='word_1_177' title='bbox 802 2862 924 2919; x_wconf 82' lang='lat' dir='ltr'>Pitboeo,</span> <span class='ocrx_word' id='word_1_178' title='bbox 942 2867 1144 2918; x_wconf 29' lang='lat' dir='ltr'>„nununrtarum</span> <span class='ocrx_word' id='word_1_179' title='bbox 1165 2869 1251 2914; x_wconf 79' lang='lat' dir='ltr'>oanis·</span> 
     </span>
     <span class='ocr_line' id='line_1_26' title="bbox 124 2929 1252 2993; baseline 0.002 -17"><span class='ocrx_word' id='word_1_180' title='bbox 124 2933 221 2976; x_wconf 80' lang='lat' dir='ltr'>almam</span> <span class='ocrx_word' id='word_1_181' title='bbox 237 2931 369 2989; x_wconf 82' lang='lat' dir='ltr'>strepitum</span> <span class='ocrx_word' id='word_1_182' title='bbox 377 2930 401 2985; x_wconf 86' lang='lat'>‚”</span> <span class='ocrx_word' id='word_1_183' title='bbox 419 2932 585 2986; x_wconf 83' lang='lat' dir='ltr'>„sententias,</span> <span class='ocrx_word' id='word_1_184' title='bbox 599 2930 691 2986; x_wconf 80' lang='lat' dir='ltr'>idest,</span> <span class='ocrx_word' id='word_1_185' title='bbox 711 2933 818 2977; x_wconf 76' lang='lat' dir='ltr'>citream</span> <span class='ocrx_word' id='word_1_186' title='bbox 829 2929 945 2993; x_wconf 79' lang='lat' dir='ltr'>fractam</span> <span class='ocrx_word' id='word_1_187' title='bbox 959 2939 983 2978; x_wconf 84' lang='lat' dir='ltr'>et</span> <span class='ocrx_word' id='word_1_188' title='bbox 999 2936 1154 2980; x_wconf 79' lang='lat' dir='ltr'>somniorum</span> <span class='ocrx_word' id='word_1_189' title='bbox 1171 2936 1252 2982; x_wconf 80' lang='lat' dir='ltr'>inter·</span> 
     </span>
     <span class='ocr_line' id='line_1_27' title="bbox 123 2992 1252 3062; baseline 0.008 -18"><span class='ocrx_word' id='word_1_190' title='bbox 123 2992 284 3057; x_wconf 67' lang='lat' dir='ltr'>putrimenta</span> <span class='ocrx_word' id='word_1_191' title='bbox 302 3000 367 3045; x_wconf 86' lang='lat' dir='ltr'>cet.”</span> <span class='ocrx_word' id='word_1_192' title='bbox 384 3001 459 3054; x_wconf 76' lang='lat' dir='ltr'>sirit,</span> <span class='ocrx_word' id='word_1_193' title='bbox 489 3001 526 3045; x_wconf 83' lang='lat' dir='ltr'>vel</span> <span class='ocrx_word' id='word_1_194' title='bbox 549 3001 636 3056; x_wconf 85' lang='lat' dir='ltr'>etiam,</span> <span class='ocrx_word' id='word_1_195' title='bbox 657 3001 776 3046; x_wconf 73' lang='lat' dir='ltr'>ntbcbol.</span> <span class='ocrx_word' id='word_1_196' title='bbox 796 3015 863 3056; x_wconf 78' lang='lat' dir='ltr'>„noa</span> <span class='ocrx_word' id='word_1_197' title='bbox 882 3007 938 3047; x_wconf 88' lang='lat' dir='ltr'>snut</span> <span class='ocrx_word' id='word_1_198' title='bbox 958 3004 1021 3048; x_wconf 81' lang='lat' dir='ltr'>noda</span> <span class='ocrx_word' id='word_1_199' title='bbox 1038 3005 1129 3062; x_wconf 79' lang='lat' dir='ltr'>verba;</span> <span class='ocrx_word' id='word_1_200' title='bbox 1148 3019 1204 3050; x_wconf 83' lang='lat' dir='ltr'>nean</span> <span class='ocrx_word' id='word_1_201' title='bbox 1225 3007 1252 3054; x_wconf 80' lang='lat' dir='ltr'>ia</span> 
     </span>
     <span class='ocr_line' id='line_1_28' title="bbox 124 3069 1252 3126; baseline 0.007 -12"><span class='ocrx_word' id='word_1_202' title='bbox 124 3071 246 3114; x_wconf 83' lang='lat' dir='ltr'>sententia</span> <span class='ocrx_word' id='word_1_203' title='bbox 267 3071 329 3114; x_wconf 90' lang='lat' dir='ltr'>solet</span> <span class='ocrx_word' id='word_1_204' title='bbox 353 3071 473 3114; x_wconf 82' lang='lat' dir='ltr'>interdurn</span> <span class='ocrx_word' id='word_1_205' title='bbox 497 3069 587 3126; x_wconf 83' lang='lat' dir='ltr'>aliquid</span> <span class='ocrx_word' id='word_1_206' title='bbox 606 3083 660 3116; x_wconf 85' lang='lat' dir='ltr'>esse</span> <span class='ocrx_word' id='word_1_207' title='bbox 678 3069 751 3126; x_wconf 77' lang='lat' dir='ltr'>falsi,</span> <span class='ocrx_word' id='word_1_208' title='bbox 782 3072 825 3116; x_wconf 82' lang='lat' dir='ltr'>sed</span> <span class='ocrx_word' id='word_1_209' title='bbox 843 3075 885 3116; x_wconf 76' lang='lat' dir='ltr'>est</span> <span class='ocrx_word' id='word_1_210' title='bbox 901 3073 1026 3118; x_wconf 73' lang='lat' dir='ltr'>maculans</span> <span class='ocrx_word' id='word_1_211' title='bbox 1040 3071 1153 3120; x_wconf 73' lang='lat' dir='ltr'>aeram.’&#39;</span> <span class='ocrx_word' id='word_1_212' title='bbox 1199 3075 1252 3122; x_wconf 84' lang='lat' dir='ltr'>ttce</span> 
     </span>
     <span class='ocr_line' id='line_1_29' title="bbox 125 3139 1250 3197; baseline 0.007 -14"><span class='ocrx_word' id='word_1_213' title='bbox 125 3153 199 3197; x_wconf 81' lang='lat' dir='ltr'>quom</span> <span class='ocrx_word' id='word_1_214' title='bbox 228 3139 325 3183; x_wconf 87' lang='lat' dir='ltr'>minime</span> <span class='ocrx_word' id='word_1_215' title='bbox 340 3144 468 3184; x_wconf 76' lang='lat' dir='ltr'>assecutos</span> <span class='ocrx_word' id='word_1_216' title='bbox 492 3143 558 3184; x_wconf 84' lang='lat' dir='ltr'>esset</span> <span class='ocrx_word' id='word_1_217' title='bbox 575 3141 736 3196; x_wconf 82' lang='lat' dir='ltr'>interpolator</span> <span class='ocrx_word' id='word_1_218' title='bbox 751 3139 812 3184; x_wconf 75' lang='lat' dir='ltr'>ort.</span> <span class='ocrx_word' id='word_1_219' title='bbox 831 3141 956 3196; x_wconf 64' lang='lat' dir='ltr'>serires„</span> <span class='ocrx_word' id='word_1_220' title='bbox 976 3142 1056 3186; x_wconf 82' lang='lat' dir='ltr'>locam</span> <span class='ocrx_word' id='word_1_221' title='bbox 1077 3143 1113 3188; x_wconf 86' lang='lat' dir='ltr'>sie</span> <span class='ocrx_word' id='word_1_222' title='bbox 1133 3141 1250 3192; x_wconf 78' lang='lat' dir='ltr'>refinsilt</span> 
     </span>
     <span class='ocr_line' id='line_1_30' title="bbox 124 3206 1250 3272; baseline 0.008 -21"><span class='ocrx_word' id='word_1_223' title='bbox 124 3206 199 3270; x_wconf 64' lang='lat' dir='ltr'>prusa</span> <span class='ocrx_word' id='word_1_224' title='bbox 215 3206 288 3252; x_wconf 83' lang='lat' dir='ltr'>modo</span> <span class='ocrx_word' id='word_1_225' title='bbox 303 3208 440 3266; x_wconf 78' lang='lat' dir='ltr'>proposui,</span> <span class='ocrx_word' id='word_1_226' title='bbox 459 3219 511 3252; x_wconf 86' lang='lat' dir='ltr'>non</span> <span class='ocrx_word' id='word_1_227' title='bbox 527 3213 567 3253; x_wconf 83' lang='lat' dir='ltr'>set</span> <span class='ocrx_word' id='word_1_228' title='bbox 583 3209 708 3253; x_wconf 83' lang='lat' dir='ltr'>sententia</span> <span class='ocrx_word' id='word_1_229' title='bbox 725 3213 834 3256; x_wconf 88' lang='lat' dir='ltr'>nostra:</span> <span class='ocrx_word' id='word_1_230' title='bbox 853 3206 971 3266; x_wconf 75' lang='lat' dir='ltr'>creatu,</span> <span class='ocrx_word' id='word_1_231' title='bbox 990 3211 1061 3267; x_wconf 87' lang='lat' dir='ltr'>prob.</span> <span class='ocrx_word' id='word_1_232' title='bbox 1073 3213 1161 3272; x_wconf 70' lang='lat' dir='ltr'>Pinag.</span> <span class='ocrx_word' id='word_1_233' title='bbox 1181 3213 1250 3260; x_wconf 76' lang='lat' dir='ltr'>Diss-</span> 
     </span>
     <span class='ocr_line' id='line_1_31' title="bbox 122 3273 1250 3338; baseline 0.005 -17"><span class='ocrx_word' id='word_1_234' title='bbox 122 3287 150 3334; x_wconf 88' lang='lat' dir='ltr'>p.</span> <span class='ocrx_word' id='word_1_235' title='bbox 171 3274 197 3326; x_wconf 76' lang='lat'>4.</span> <span class='ocrx_word' id='word_1_236' title='bbox 246 3273 305 3322; x_wconf 77' lang='lat'><strong>128.</strong></span> <span class='ocrx_word' id='word_1_237' title='bbox 324 3276 521 3332; x_wconf 65' lang='lat' dir='ltr'>decrescentes,</span> <span class='ocrx_word' id='word_1_238' title='bbox 553 3289 613 3332; x_wconf 83' lang='lat' dir='ltr'>puer</span> <span class='ocrx_word' id='word_1_239' title='bbox 639 3279 770 3333; x_wconf 79' lang='lat' dir='ltr'>delicatos,</span> <span class='ocrx_word' id='word_1_240' title='bbox 800 3279 917 3324; x_wconf 78' lang='lat' dir='ltr'>amasios.</span> <span class='ocrx_word' id='word_1_241' title='bbox 968 3276 1028 3327; x_wconf 71' lang='lat' dir='ltr'>titt.</span> <span class='ocrx_word' id='word_1_242' title='bbox 1047 3282 1076 3327; x_wconf 78' lang='lat' dir='ltr'>sle</span> <span class='ocrx_word' id='word_1_243' title='bbox 1094 3281 1207 3338; x_wconf 73' lang='lat' dir='ltr'>Harpyiis</span> <span class='ocrx_word' id='word_1_244' title='bbox 1225 3295 1250 3328; x_wconf 80' lang='lat' dir='ltr'>v.</span> 
     </span>
     <span class='ocr_line' id='line_1_32' title="bbox 124 3341 1334 3414; baseline 0.005 -23"><span class='ocrx_word' id='word_1_245' title='bbox 124 3347 188 3392; x_wconf 73' lang='lat' dir='ltr'>Aen.</span> <span class='ocrx_word' id='word_1_246' title='bbox 208 3341 234 3400; x_wconf 83' lang='lat'>3,</span> <span class='ocrx_word' id='word_1_247' title='bbox 251 3343 315 3391; x_wconf 75' lang='grc' dir='ltr'>Ι211.</span> <span class='ocrx_word' id='word_1_248' title='bbox 354 3343 413 3390; x_wconf 84' lang='grc'><strong>131.</strong></span> <span class='ocrx_word' id='word_1_249' title='bbox 436 3344 514 3392; x_wconf 79' lang='lat' dir='ltr'>Piens</span> <span class='ocrx_word' id='word_1_250' title='bbox 530 3346 689 3405; x_wconf 71' lang='lat' dir='ltr'>Aboriginum</span> <span class='ocrx_word' id='word_1_251' title='bbox 706 3360 763 3402; x_wconf 84' lang='lat' dir='ltr'>rex,</span> <span class='ocrx_word' id='word_1_252' title='bbox 783 3352 852 3402; x_wconf 83' lang='lat' dir='ltr'>pater</span> <span class='ocrx_word' id='word_1_253' title='bbox 868 3348 960 3402; x_wconf 70' lang='lat' dir='ltr'>Fanni,</span> <span class='ocrx_word' id='word_1_254' title='bbox 979 3361 1038 3393; x_wconf 80' lang='lat' dir='ltr'>aras</span> <span class='ocrx_word' id='word_1_255' title='bbox 1059 3349 1150 3397; x_wconf 78' lang='lat' dir='ltr'>Latini.</span> <span class='ocrx_word' id='word_1_256' title='bbox 1188 3345 1250 3396; x_wconf 80' lang='lat'>133.</span> <span class='ocrx_word' id='word_1_257' title='bbox 1328 3399 1334 3414; x_wconf 41' lang='lat'><strong>¹</strong></span> 
     </span>
     <span class='ocr_line' id='line_1_33' title="bbox 121 3411 1251 3476; baseline 0.006 -18"><span class='ocrx_word' id='word_1_258' title='bbox 121 3411 220 3476; x_wconf 73' lang='lat' dir='ltr'>pe&#39;n&#39;ga&#39;s</span> <span class='ocrx_word' id='word_1_259' title='bbox 239 3413 292 3459; x_wconf 78' lang='lat' dir='ltr'>DE.</span> <span class='ocrx_word' id='word_1_260' title='bbox 344 3412 401 3459; x_wconf 80' lang='lat'><strong>¹35.</strong></span> <span class='ocrx_word' id='word_1_261' title='bbox 422 3414 530 3459; x_wconf 72' lang='lat' dir='ltr'>ambitus</span> <span class='ocrx_word' id='word_1_262' title='bbox 549 3415 642 3460; x_wconf 73' lang='lat' dir='ltr'><strong>BDEF.</strong></span> <span class='ocrx_word' id='word_1_263' title='bbox 666 3417 805 3462; x_wconf 73' lang='lat' dir='ltr'>Achaiotrs.</span> <span class='ocrx_word' id='word_1_264' title='bbox 857 3413 1251 3474; x_wconf 74' lang='lat' dir='ltr'>145.sssrttst.1t,128,1.</span> 
     </span>
    </p>

    <p class='ocr_par' dir='ltr' id='par_1_13' title="bbox 119 3481 1253 4295">
     <span class='ocr_line' id='line_1_34' title="bbox 124 3481 1250 3544; baseline 0.004 -16"><span class='ocrx_word' id='word_1_265' title='bbox 124 3483 367 3529; x_wconf 79' lang='lat' dir='ltr'>Gallia&#39;Santons&#39;ro</span> <span class='ocrx_word' id='word_1_266' title='bbox 385 3484 457 3529; x_wconf 75' lang='lat' dir='ltr'>vestit</span> <span class='ocrx_word' id='word_1_267' title='bbox 474 3489 497 3529; x_wconf 88' lang='lat' dir='ltr'>te</span> <span class='ocrx_word' id='word_1_268' title='bbox 515 3483 703 3530; x_wconf 80' lang='lat' dir='ltr'>bardocucullo.</span> <span class='ocrx_word' id='word_1_269' title='bbox 742 3481 801 3534; x_wconf 69' lang='lat' dir='ltr'>iii.</span> <span class='ocrx_word' id='word_1_270' title='bbox 823 3481 894 3541; x_wconf 75' lang='lat' dir='ltr'>(tet.</span> <span class='ocrx_word' id='word_1_271' title='bbox 915 3481 987 3540; x_wconf 82' lang='grc'><strong>167.)</strong></span> <span class='ocrx_word' id='word_1_272' title='bbox 1004 3484 1160 3544; x_wconf 77' lang='lat' dir='ltr'>Lateranas]</span> <span class='ocrx_word' id='word_1_273' title='bbox 1179 3486 1250 3542; x_wconf 82' lang='lat' dir='ltr'>pansi</span> 
     </span>
     <span class='ocr_line' id='line_1_35' title="bbox 124 3551 1253 3616; baseline 0.002 -18"><span class='ocrx_word' id='word_1_274' title='bbox 124 3553 203 3598; x_wconf 79' lang='lat' dir='ltr'>codd.</span> <span class='ocrx_word' id='word_1_275' title='bbox 217 3551 371 3612; x_wconf 67' lang='lat' dir='ltr'>significatur</span> <span class='ocrx_word' id='word_1_276' title='bbox 383 3552 487 3598; x_wconf 81' lang='lat' dir='ltr'>tortasse</span> <span class='ocrx_word' id='word_1_277' title='bbox 501 3553 612 3598; x_wconf 76' lang='lat' dir='ltr'>Plautios</span> <span class='ocrx_word' id='word_1_278' title='bbox 622 3553 760 3600; x_wconf 76' lang='lat' dir='ltr'>-tnternnns</span> <span class='ocrx_word' id='word_1_279' title='bbox 768 3584 776 3609; x_wconf 94' lang='lat'><em>,</em></span> <span class='ocrx_word' id='word_1_280' title='bbox 797 3553 942 3600; x_wconf 66' lang='lat' dir='ltr'>Maeoticae</span> <span class='ocrx_word' id='word_1_281' title='bbox 959 3555 1067 3606; x_wconf 71' lang='lat' dir='ltr'>adulter,</span> <span class='ocrx_word' id='word_1_282' title='bbox 1086 3556 1169 3616; x_wconf 81' lang='lat' dir='ltr'>consol</span> <span class='ocrx_word' id='word_1_283' title='bbox 1188 3557 1253 3600; x_wconf 80' lang='lat' dir='ltr'>lesi·</span> 
     </span>
     <span class='ocr_line' id='line_1_36' title="bbox 122 3619 1251 3682; baseline 0.004 -16"><span class='ocrx_word' id='word_1_284' title='bbox 122 3627 209 3682; x_wconf 71' lang='lat' dir='ltr'>gnotus</span> <span class='ocrx_word' id='word_1_285' title='bbox 228 3635 253 3666; x_wconf 87' lang='lat' dir='ltr'>n.</span> <span class='ocrx_word' id='word_1_286' title='bbox 275 3635 297 3666; x_wconf 89' lang='lat' dir='ltr'>c.</span> <span class='ocrx_word' id='word_1_287' title='bbox 316 3619 397 3676; x_wconf 59' lang='lat'>819„</span> <span class='ocrx_word' id='word_1_288' title='bbox 417 3623 456 3680; x_wconf 86' lang='lat' dir='ltr'>qni</span> <span class='ocrx_word' id='word_1_289' title='bbox 475 3635 548 3680; x_wconf 77' lang='lat' dir='ltr'>quarn</span> <span class='ocrx_word' id='word_1_290' title='bbox 564 3624 590 3667; x_wconf 90' lang='lat' dir='ltr'>in</span> <span class='ocrx_word' id='word_1_291' title='bbox 608 3622 730 3668; x_wconf 84' lang='lat' dir='ltr'>Neronem</span> <span class='ocrx_word' id='word_1_292' title='bbox 748 3624 912 3676; x_wconf 82' lang='lat' dir='ltr'>coniurasset,</span> <span class='ocrx_word' id='word_1_293' title='bbox 943 3621 973 3667; x_wconf 83' lang='lat' dir='ltr'>ab</span> <span class='ocrx_word' id='word_1_294' title='bbox 991 3637 1021 3668; x_wconf 92' lang='lat' dir='ltr'>eo</span> <span class='ocrx_word' id='word_1_295' title='bbox 1042 3623 1181 3676; x_wconf 75' lang='lat' dir='ltr'>interiectos</span> <span class='ocrx_word' id='word_1_296' title='bbox 1201 3629 1251 3670; x_wconf 81' lang='lat' dir='ltr'>est.</span> 
     </span>
     <span class='ocr_line' id='line_1_37' title="bbox 122 3689 1251 3749; baseline 0 -13"><span class='ocrx_word' id='word_1_297' title='bbox 122 3691 299 3748; x_wconf 80' lang='lat' dir='ltr'>Damasippus</span> <span class='ocrx_word' id='word_1_298' title='bbox 315 3689 475 3738; x_wconf 76' lang='lat' dir='ltr'>ABCDEt&#39;G.</span> <span class='ocrx_word' id='word_1_299' title='bbox 494 3691 682 3747; x_wconf 71' lang='lat' dir='ltr'>{inp-,nomen</span> <span class='ocrx_word' id='word_1_300' title='bbox 698 3693 794 3749; x_wconf 76' lang='lat' dir='ltr'>quidem</span> <span class='ocrx_word' id='word_1_301' title='bbox 816 3693 968 3746; x_wconf 78' lang='lat' dir='ltr'>itomanam,</span> <span class='ocrx_word' id='word_1_302' title='bbox 987 3693 1030 3737; x_wconf 79' lang='lat' dir='ltr'>sed</span> <span class='ocrx_word' id='word_1_303' title='bbox 1047 3691 1072 3737; x_wconf 81' lang='lat' dir='ltr'>lt.</span> <span class='ocrx_word' id='word_1_304' title='bbox 1093 3693 1111 3737; x_wconf 89' lang='grc' dir='ltr'>Ι.</span> <span class='ocrx_word' id='word_1_305' title='bbox 1129 3690 1251 3748; x_wconf 70' lang='lat' dir='ltr'>bellunm,</span> 
     </span>
     <span class='ocr_line' id='line_1_38' title="bbox 123 3761 1251 3821; baseline 0.004 -17"><span class='ocrx_word' id='word_1_306' title='bbox 123 3761 211 3818; x_wconf 82' lang='lat' dir='ltr'>qnippe</span> <span class='ocrx_word' id='word_1_307' title='bbox 230 3773 303 3820; x_wconf 83' lang='lat' dir='ltr'>qnunr</span> <span class='ocrx_word' id='word_1_308' title='bbox 319 3763 399 3806; x_wconf 87' lang='lat' dir='ltr'>nullus</span> <span class='ocrx_word' id='word_1_309' title='bbox 418 3773 521 3820; x_wconf 81' lang='lat' dir='ltr'>unquam</span> <span class='ocrx_word' id='word_1_310' title='bbox 544 3761 704 3818; x_wconf 78' lang='lat' dir='ltr'>Damasippus</span> <span class='ocrx_word' id='word_1_311' title='bbox 721 3763 806 3808; x_wconf 78' lang='lat' dir='ltr'>consol</span> <span class='ocrx_word' id='word_1_312' title='bbox 824 3761 915 3821; x_wconf 79' lang='lat' dir='ltr'>inerit,</span> <span class='ocrx_word' id='word_1_313' title='bbox 933 3773 961 3806; x_wconf 79' lang='lat' dir='ltr'>ne</span> <span class='ocrx_word' id='word_1_314' title='bbox 981 3765 1064 3806; x_wconf 84' lang='lat' dir='ltr'>anntoo</span> <span class='ocrx_word' id='word_1_315' title='bbox 1082 3766 1202 3816; x_wconf 81' lang='lat' dir='ltr'>sumptum</span> <span class='ocrx_word' id='word_1_316' title='bbox 1219 3773 1251 3808; x_wconf 78' lang='lat' dir='ltr'>ex</span> 
     </span>
     <span class='ocr_line' id='line_1_39' title="bbox 121 3827 1251 3889; baseline 0.001 -14"><span class='ocrx_word' id='word_1_317' title='bbox 121 3842 146 3875; x_wconf 74' lang='lat' dir='ltr'>v.</span> <span class='ocrx_word' id='word_1_318' title='bbox 166 3827 213 3878; x_wconf 77' lang='grc'><strong>84.</strong></span> <span class='ocrx_word' id='word_1_319' title='bbox 249 3829 276 3874; x_wconf 88' lang='lat' dir='ltr'>ln</span> <span class='ocrx_word' id='word_1_320' title='bbox 295 3830 357 3874; x_wconf 82' lang='lat' dir='ltr'>mira</span> <span class='ocrx_word' id='word_1_321' title='bbox 377 3831 421 3876; x_wconf 85' lang='lat' dir='ltr'>bac</span> <span class='ocrx_word' id='word_1_322' title='bbox 438 3831 554 3875; x_wconf 73' lang='lat' dir='ltr'>varietate</span> <span class='ocrx_word' id='word_1_323' title='bbox 573 3831 688 3876; x_wconf 75' lang='lat' dir='ltr'>Heinrich</span> <span class='ocrx_word' id='word_1_324' title='bbox 706 3829 807 3886; x_wconf 79' lang='lat' dir='ltr'>rlnpiisis</span> <span class='ocrx_word' id='word_1_325' title='bbox 819 3830 977 3876; x_wconf 74' lang='lat' dir='ltr'>recentioris</span> <span class='ocrx_word' id='word_1_326' title='bbox 994 3830 1123 3889; x_wconf 69' lang='lat' dir='ltr'>retugium</span> <span class='ocrx_word' id='word_1_327' title='bbox 1141 3830 1197 3885; x_wconf 80' lang='lat' dir='ltr'>(cir.</span> <span class='ocrx_word' id='word_1_328' title='bbox 1219 3827 1251 3888; x_wconf 77' lang='grc'>7,</span> 
     </span>
     <span class='ocr_line' id='line_1_40' title="bbox 124 3895 1253 3957; baseline 0.001 -14"><span class='ocrx_word' id='word_1_329' title='bbox 124 3895 201 3957; x_wconf 72' lang='grc'><strong>139.)</strong></span> <span class='ocrx_word' id='word_1_330' title='bbox 219 3899 409 3945; x_wconf 71' lang='lat' dir='ltr'>animadvertere</span> <span class='ocrx_word' id='word_1_331' title='bbox 428 3904 494 3944; x_wconf 85' lang='lat' dir='ltr'>ratos</span> <span class='ocrx_word' id='word_1_332' title='bbox 513 3903 584 3954; x_wconf 85' lang='lat' dir='ltr'>erat,</span> <span class='ocrx_word' id='word_1_333' title='bbox 609 3912 672 3944; x_wconf 83' lang='lat' dir='ltr'>nnnc</span> <span class='ocrx_word' id='word_1_334' title='bbox 690 3913 748 3944; x_wconf 83' lang='lat' dir='ltr'>vero</span> <span class='ocrx_word' id='word_1_335' title='bbox 767 3900 957 3955; x_wconf 75' lang='lat' dir='ltr'>supraponere,</span> <span class='ocrx_word' id='word_1_336' title='bbox 978 3899 1067 3955; x_wconf 81' lang='lat' dir='ltr'>stipsi</span> <span class='ocrx_word' id='word_1_337' title='bbox 1086 3899 1192 3946; x_wconf 84' lang='lat' dir='ltr'>iuvenali</span> <span class='ocrx_word' id='word_1_338' title='bbox 1210 3912 1253 3944; x_wconf 87' lang='lat' dir='ltr'>so·</span> 
     </span>
     <span class='ocr_line' id='line_1_41' title="bbox 122 3967 1251 4025; baseline 0.002 -11"><span class='ocrx_word' id='word_1_339' title='bbox 122 3970 171 4014; x_wconf 82' lang='lat' dir='ltr'>ism</span> <span class='ocrx_word' id='word_1_340' title='bbox 183 3968 272 4013; x_wconf 79' lang='lat' dir='ltr'>tribuet</span> <span class='ocrx_word' id='word_1_341' title='bbox 282 3969 411 4014; x_wconf 85' lang='lat' dir='ltr'>lectionem</span> <span class='ocrx_word' id='word_1_342' title='bbox 428 3967 587 4022; x_wconf 82' lang='lat' dir='ltr'>Lateramu,</span> <span class='ocrx_word' id='word_1_343' title='bbox 606 3969 730 4014; x_wconf 79' lang='lat' dir='ltr'>monacbis</span> <span class='ocrx_word' id='word_1_344' title='bbox 747 3969 863 4014; x_wconf 57' lang='lat' dir='ltr'>alterumn</span> <span class='ocrx_word' id='word_1_345' title='bbox 878 3981 902 4016; x_wconf 80' lang='lat' dir='ltr'>v.</span> <span class='ocrx_word' id='word_1_346' title='bbox 922 3968 1026 4013; x_wconf 76' lang='lat' dir='ltr'>Francis.</span> <span class='ocrx_word' id='word_1_347' title='bbox 1045 3967 1131 4016; x_wconf 77' lang='lat' dir='ltr'>lixam.</span> <span class='ocrx_word' id='word_1_348' title='bbox 1148 3982 1173 4025; x_wconf 90' lang='lat' dir='ltr'>p.</span> <span class='ocrx_word' id='word_1_349' title='bbox 1190 3967 1251 4016; x_wconf 77' lang='lat'>129.</span> 
     </span>
     <span class='ocr_line' id='line_1_42' title="bbox 120 4035 1250 4093; baseline 0.001 -10"><span class='ocrx_word' id='word_1_350' title='bbox 120 4035 181 4084; x_wconf 78' lang='lat' dir='ltr'>Piae</span> <span class='ocrx_word' id='word_1_351' title='bbox 206 4039 262 4082; x_wconf 86' lang='lat' dir='ltr'>scil.</span> <span class='ocrx_word' id='word_1_352' title='bbox 286 4048 358 4083; x_wconf 83' lang='lat' dir='ltr'>sures</span> <span class='ocrx_word' id='word_1_353' title='bbox 383 4038 507 4093; x_wconf 81' lang='lat' dir='ltr'>protensus</span> <span class='ocrx_word' id='word_1_354' title='bbox 533 4037 604 4082; x_wconf 84' lang='lat' dir='ltr'>istam</span> <span class='ocrx_word' id='word_1_355' title='bbox 628 4036 927 4083; x_wconf 74' lang='lat' dir='ltr'>Laterani-mentionem</span> <span class='ocrx_word' id='word_1_356' title='bbox 949 4036 1173 4092; x_wconf 67' lang='lat' dir='ltr'>perhorrescebat.</span> <span class='ocrx_word' id='word_1_357' title='bbox 1194 4037 1250 4084; x_wconf 70' lang='lat' dir='ltr'>Cir·</span> 
     </span>
     <span class='ocr_line' id='line_1_43' title="bbox 121 4102 1252 4168; baseline 0 -16"><span class='ocrx_word' id='word_1_358' title='bbox 121 4107 186 4153; x_wconf 80' lang='lat' dir='ltr'>Sat..</span> <span class='ocrx_word' id='word_1_359' title='bbox 208 4104 255 4162; x_wconf 87' lang='lat' dir='ltr'>to,</span> <span class='ocrx_word' id='word_1_360' title='bbox 287 4104 327 4152; x_wconf 89' lang='grc'>17.</span> <span class='ocrx_word' id='word_1_361' title='bbox 367 4105 533 4164; x_wconf 80' lang='lat' dir='ltr'>Temporibus</span> <span class='ocrx_word' id='word_1_362' title='bbox 560 4104 627 4152; x_wconf 79' lang='lat' dir='ltr'>diris</span> <span class='ocrx_word' id='word_1_363' title='bbox 656 4107 739 4167; x_wconf 73' lang='lat' dir='ltr'>igitar</span> <span class='ocrx_word' id='word_1_364' title='bbox 768 4106 888 4166; x_wconf 75' lang='lat' dir='ltr'>iussaque</span> <span class='ocrx_word' id='word_1_365' title='bbox 916 4102 1029 4151; x_wconf 74' lang='lat' dir='ltr'>Neronis</span> <span class='ocrx_word' id='word_1_366' title='bbox 1059 4102 1203 4168; x_wconf 78' lang='lat' dir='ltr'>Longinam</span> <span class='ocrx_word' id='word_1_367' title='bbox 1226 4109 1252 4152; x_wconf 80' lang='lat' dir='ltr'>se</span> 
     </span>
     <span class='ocr_line' id='line_1_44' title="bbox 120 4170 1249 4236; baseline -0.001 -15"><span class='ocrx_word' id='word_1_368' title='bbox 120 4189 229 4236; x_wconf 79' lang='lat' dir='ltr'>magnos</span> <span class='ocrx_word' id='word_1_369' title='bbox 264 4175 375 4222; x_wconf 78' lang='lat' dir='ltr'>Senecas</span> <span class='ocrx_word' id='word_1_370' title='bbox 412 4175 564 4234; x_wconf 76' lang='lat' dir='ltr'>praedicitis</span> <span class='ocrx_word' id='word_1_371' title='bbox 584 4173 692 4221; x_wconf 58' lang='lat' dir='ltr'>stercor</span> <span class='ocrx_word' id='word_1_372' title='bbox 726 4170 824 4221; x_wconf 63' lang='lat' dir='ltr'>mansit</span> <span class='ocrx_word' id='word_1_373' title='bbox 857 4178 882 4219; x_wconf 86' lang='lat' dir='ltr'>st</span> <span class='ocrx_word' id='word_1_374' title='bbox 914 4175 1039 4235; x_wconf 68' lang='lat' dir='ltr'>egregias</span> <span class='ocrx_word' id='word_1_375' title='bbox 1072 4175 1249 4222; x_wconf 68' lang='lat' dir='ltr'>Lateranorum</span> 
     </span>
     <span class='ocr_line' id='line_1_45' title="bbox 119 4241 1247 4295; baseline 0.002 -6"><span class='ocrx_word' id='word_1_376' title='bbox 119 4244 218 4290; x_wconf 80' lang='lat' dir='ltr'>obsidet</span> <span class='ocrx_word' id='word_1_377' title='bbox 240 4243 316 4293; x_wconf 78' lang='lat' dir='ltr'>aedes</span> <span class='ocrx_word' id='word_1_378' title='bbox 340 4243 405 4292; x_wconf 82' lang='lat' dir='ltr'>Tota</span> <span class='ocrx_word' id='word_1_379' title='bbox 428 4241 540 4295; x_wconf 75' lang='lat' dir='ltr'>roboret</span> <span class='ocrx_word' id='word_1_380' title='bbox 566 4255 646 4293; x_wconf 81' lang='lat' dir='ltr'>raras</span> <span class='ocrx_word' id='word_1_381' title='bbox 671 4243 739 4293; x_wconf 83' lang='lat' dir='ltr'>ssns&#39;t</span> <span class='ocrx_word' id='word_1_382' title='bbox 762 4245 792 4292; x_wconf 78' lang='lat' dir='ltr'>in</span> <span class='ocrx_word' id='word_1_383' title='bbox 807 4243 946 4292; x_wconf 73' lang='lat' dir='ltr'>maceria</span> <span class='ocrx_word' id='word_1_384' title='bbox 967 4244 1052 4292; x_wconf 79' lang='lat' dir='ltr'>aniles.</span> <span class='ocrx_word' id='word_1_385' title='bbox 1089 4241 1150 4292; x_wconf 84' lang='lat' dir='ltr'>ttt.</span> <span class='ocrx_word' id='word_1_386' title='bbox 1168 4243 1247 4291; x_wconf 76' lang='lat' dir='ltr'>sats·</span> 
     </span>
    </p>
   </div>
   <div class='ocr_carea' id='block_1_6' title="bbox 118 4309 812 4376">
    <p class='ocr_par' dir='ltr' id='par_1_14' title="bbox 118 4309 812 4376">
     <span class='ocr_line' id='line_1_46' title="bbox 118 4309 812 4376; baseline 0.012 -17"><span class='ocrx_word' id='word_1_387' title='bbox 118 4309 229 4376; x_wconf 69' lang='lat' dir='ltr'>greca.</span> <span class='ocrx_word' id='word_1_388' title='bbox 633 4342 636 4348; x_wconf 92' lang='lat'><em>-</em></span> <span class='ocrx_word' id='word_1_389' title='bbox 683 4353 687 4362; x_wconf 95' lang='lat'><em>.</em></span> <span class='ocrx_word' id='word_1_390' title='bbox 747 4345 751 4352; x_wconf 88' lang='lat'>-</span> <span class='ocrx_word' id='word_1_391' title='bbox 806 4343 812 4352; x_wconf 87' lang='lat'><em>.</em></span> 
     </span>
    </p>
   </div>
   <div class='ocr_carea' id='block_1_7' title="bbox 0 0 1478 4816">
    <p class='ocr_par' dir='ltr' id='par_1_15' title="bbox 0 0 1478 4816">
     <span class='ocr_line' id='line_1_47' title="bbox 0 0 1478 4816; baseline 0 4"><span class='ocrx_word' id='word_1_392' title='bbox 0 0 1478 4816; x_wconf 95' lang='lat' dir='ltr'> </span> 
     </span>
    </p>
   </div>
  </div>
 </body>
</html>
