2952 4826
89 382 241 445 Oceanum
261 387 397 461 propter
419 376 493 441 litus
515 377 693 463 pelagoque
715 397 844 452 serere,

89 483 279 566 Quousque
300 492 410 544 noster
435 479 500 543 adit
525 479 692 566 quisquam
715 500 775 543 neo
798 481 956 543 barbarus
974 478 1090 544 audet?

149 583 258 648 Cetera
280 587 319 646 de
338 603 455 668 genere
478 584 543 645 hoc
564 603 645 667 quae
666 593 737 644 sunt
760 592 911 664 portenta
932 593 1115 666 perempta,

93 685 124 747 Si
142 708 200 749 non
220 686 304 749 victa
323 686 450 760 forent,
475 685 551 770 quid
575 688 700 748 tandem
721 684 794 747 viva
818 685 996 750 nocerent?

93 788 158 864 Nil,
180 800 211 851 ut
232 789 370 872 opinorz
396 787 439 850 ita
464 791 504 850 ud
526 787 668 852 satiatem
688 798 775 850 terra
795 787 937 850 ferarum
1158 787 1199 847 to

93 893 178 953 Nunc
196 891 287 954 etiam
308 889 401 954 scatit
424 902 455 954 et
474 890 602 972 trepido
623 900 751 953 terrore
774 887 928 971 repletasl

94 994 152 1054 Per
169 1014 297 1058 nemora
318 1015 356 1056 ac
377 992 512 1058 rnouteis
533 1012 666 1075 magnos
688 991 849 1077 silvasque
869 991 1067 1072 profundast

93 1095 172 1174 Quae
192 1096 264 1160 loon
285 1095 405 1158 vitandi
428 1095 616 1180 plerumque
639 1106 687 1158 est
708 1105 819 1158 nostra
840 1105 995 1176 potestne.

147 1200 190 1261 At
211 1197 273 1262 nisi
295 1209 496 1283 purgatumst
519 1207 647 1279 pectus,
672 1219 752 1278 quae
771 1196 899 1277 proelia
919 1195 1014 1261 nobis

91 1302 189 1386 Atque
212 1301 355 1384 pericula
378 1311 449 1363 sunt
470 1299 607 1384 ingratis
627 1298 867 1363 insinuandum!
1159 1299 1198 1361 45

92 1404 226 1481 Quantae
248 1416 314 1466 tum
337 1403 483 1466 scindunt
505 1401 666 1466 bominem
686 1400 852 1483 cupedinis
877 1423 967 1464 acres

92 1503 261 1569 Sollicitum
285 1509 398 1568 curae!
423 1504 615 1590 quanteique
635 1503 767 1586 perinde
790 1505 939 1568 timores!

93 1607 208 1684 Quidve
229 1607 397 1690 superbia,
421 1605 576 1688 spurcitia
600 1629 638 1669 ac
661 1606 853 1688 petulantia,
876 1617 1010 1690 quantes

93 1708 233 1772 Efficiunt
253 1709 390 1785 cladeis,
415 1709 492 1794 quid
514 1708 608 1771 luxus
632 1707 852 1794 desidiaeque!

148 1814 236 1876 Haec
257 1812 358 1895 igitur
380 1811 436 1896 qui
455 1823 568 1874 cuneta
587 1811 752 1894 subegerit
773 1811 1002 1898 exanimeque
1161 1815 1205 1874 60

93 1914 254 1996 Expulerit
273 1913 383 1990 dictis,
407 1934 472 1977 non
495 1912 610 1987 aruris3
634 1934 739 1976 nonne
759 1915 902 1991 decebit,

93 2017 178 2079 Hunc
198 2015 361 2081 hominem
383 2037 515 2080 nurnero
540 2013 650 2078 divdm
672 2014 837 2100 dignarier
859 2017 966 2080 essel.

94 2116 189 2197 Quom
210 2123 293 2183 bene
314 2118 502 2200 praesertim
527 2116 622 2178 multa
647 2139 684 2180 ac
704 2117 856 2181 divinitus
873 2118 954 2201 ipsis

92 2218 316 2283 lmmortailibu'
339 2223 377 2283 de
400 2220 482 2284 divis
503 2223 579 2282 dare
599 2218 686 2282 dicta
707 2221 809 2283 sue'rit

91 2321 191 2406 Atque
209 2345 334 2388 omnem
358 2343 465 2385 rerum
485 2333 628 2384 naturam
651 2326 791 2403 pandere
815 2323 921 2386 dictis.
1162 2326 1203 2388 55

149 2425 271 2506 Quoius
296 2447 358 2509 ego
382 2424 545 2508 ingressus
569 2424 704 2508 vestigia
724 2429 797 2488 dum
818 2427 961 2492 rationes

93 2623 114 2670 3.
127 2627 200 2672 eous.
218 2627 354 2687 pelagique
366 2639 460 2670 sonora
471 2626 533 2670 Edd.
547 2630 604 2672 vett.
617 2629 662 2672 etr.
675 2628 706 2672 Δ.
726 2629 777 2682 „At
790 2641 880 2672 severa
897 2629 973 2685 inquit
991 2629 1033 2673 W.
1048 2630 1129 2676 nescio
1147 2631 1203 2686 quid

92 2698 178 2742 doctius
196 2699 257 2753 sapit
274 2702 297 2741 et
314 2697 491 2754 exquisitius”,
511 2698 586 2740 immo
605 2697 681 2755 magis
699 2697 885 2751 Lucretianum,
905 2699 1015 2756 narnlut
1027 2711 1114 2744 severa
1126 2701 1203 2746 silen-

91 2767 212 2812 tianoctis
226 2765 256 2822 4,
274 2764 347 2824 464.)
362 2767 529 2820 solitudinem,
548 2767 683 2810 vestitatem
701 2768 775 2810 inuris
793 2781 822 2811 ac
842 2767 937 2812 labores
958 2769 1035 2814 nautis
1055 2770 1110 2814 illue
1130 2784 1203 2828 usque

93 2836 134 2880 iter
150 2851 249 2896 pergere
269 2837 335 2880 ausis
354 2837 512 2880 exantlaudos
527 2833 653 2893 significat.
678 2838 772 2897 pelage
796 2851 857 2881 nune
881 2839 994 2893 praetuli.
1055 2835 1097 2888 41.
1117 2839 1204 2900 scatit]

93 2905 140 2951 cfr.
150 2907 203 2952 Lib.
216 2903 246 2961 5,
265 2899 325 2952 597.
345 2904 505 2970 Largiflaum
517 2901 618 2962 sontem
636 2912 734 2951 scatere
753 2911 825 2966 alque
851 2920 980 2964 erumpere
998 2908 1092 2953 latuere.
1127 2910 1204 2954 Poeta

93 2977 148 3031 apud
160 2978 211 3021 Cic.
223 2977 324 3020 'luscub
334 2972 357 3028 l,
372 2973 394 3032 §.
406 2973 447 3021 69.
460 2973 551 3019 Fontes
563 2979 676 3031 scalere,
690 2973 776 3020 herbis
786 2982 864 3034 prata
877 2977 1052 3023 convestirier.
1090 2974 1131 3023 45.
1146 2985 1204 3024 tune

94 3045 163 3090 Codd.
178 3047 279 3104 aliquot.
297 3045 327 3090 t..
339 3045 370 3090 ll.
409 3042 451 3090 46.
470 3050 522 3095 tam
540 3043 659 3089 scindunt
677 3047 751 3089 Wnls.
770 3043 851 3090 firmat
871 3047 943 3090 etism
957 3047 988 3091 E.
1021 3047 1127 3091 Contra:
1146 3061 1204 3092 eon·

93 3115 203 3161 scindunt
222 3116 252 3160 G.
274 3113 304 3159 L.
324 3115 354 3159 ll.
378 3115 422 3158 elr.
444 3119 521 3158 tanuen
541 3111 571 3168 3,
592 3111 668 3160 1⁰07.
723 3112 765 3160 48.
793 3115 944 3172 spurcities,
971 3117 1114 3174 petulantia
1128 3117 1157 3162 1..
1173 3118 1202 3161 ll.

94 3182 132 3230 ll.
150 3184 347 3244 desidissquest.
362 3184 390 3228 L.
403 3184 433 3228 ll.
489 3180 531 3230 54.
558 3183 623 3240 ipsis
649 3182 703 3227 lam
727 3185 876 3230 mortalibus
900 3200 913 3229 e
937 3185 1004 3231 diris
1029 3187 1105 3231 Codd.
1128 3189 1203 3244 aliq.,

94 3255 158 3299 etiam
171 3256 199 3302 E.
215 3256 279 3300 Edd.
294 3259 351 3300 vett.
364 3254 409 3298 Ar.
421 3254 463 3298 W.
484 3253 650 3308 („praesertisn
663 3267 735 3310 quum
746 3255 794 3298 iam
812 3256 889 3300 suerit
906 3257 963 3300 dare
981 3257 1126 3301 mortalibus
1145 3257 1205 3302 bens

93 3327 160 3368 multa
184 3327 245 3370 dicta
272 3328 295 3368 et
318 3324 429 3368 divinitus
453 3321 536 3378 dieta,
565 3337 578 3367 e
603 3323 663 3368 diris
682 3323 768 3378 ipsis.’'
786 3322 842 3383 W.)
867 3326 899 3368 ita
923 3331 947 3370 et
964 3326 1056 3370 Eiebst.
1077 3327 1124 3370 nisi
1142 3327 1205 3383 quod

94 3395 196 3448 scripsit:
215 3392 359 3438 mortalibu‘
372 3392 411 3437 de.
432 3393 478 3436 Sed
495 3393 520 3437 6.
535 3393 552 3436 l.
566 3391 676 3437 Lambini
697 3394 811 3438 iudicium
830 3395 896 3451 sequi
917 3394 987 3439 debui
1000 3409 1029 3439 ex
1043 3397 1144 3441 lectione
1158 3395 1203 3439 Cd.

94 3465 135 3508 snei
151 3463 179 3513 C.
196 3465 294 3516 luntas,
312 3462 366 3507 steti
384 3461 570 3506 immortalibus
585 3462 675 3508 saliuis
690 3463 861 3509 rescribentis:
882 3462 1062 3508 immortalibu’
1079 3463 1110 3508 de
1128 3463 1203 3508 diuis.

93 3530 154 3589 ipsis
168 3535 246 3588 enim,
272 3533 364 3590 quoda
382 3533 459 3587 prima
475 3545 526 3589 seq.
544 3546 567 3577 s.
582 3547 640 3578 voce
657 3533 689 3576 ita
706 3533 786 3578 divelli
807 3534 901 3590 nequit,
932 3537 957 3576 ut
972 3535 1001 3576 ad
1017 3547 1040 3577 r.
1060 3531 1124 3578 diois
1141 3532 1206 3578 rele-

94 3607 168 3658 retur,
196 3603 359 3648 certissimam
384 3601 443 3645 hano
467 3603 604 3646 ernendandi
630 3603 677 3646 loci
695 3603 761 3646 iuxta
779 3599 923 3652 Wakefield.
945 3603 1073 3646 lectionem
1091 3615 1206 3660 perquem

94 3671 191 3732 ambigui
209 3673 272 3717 riam
290 3674 419 3715 morretrat.
449 3668 471 3714 E
490 3669 555 3716 diris
573 3677 652 3717 autem
671 3670 700 3715 ab
718 3672 748 3716 iis
767 3678 818 3728 est,
839 3673 877 3729 qui
891 3676 968 3716 metro
981 3672 1051 3716 aliter
1064 3685 1205 3716 succurrere

95 3744 215 3787 nescirent.
259 3740 314 3785 lurra
341 3740 490 3785 mortalibus
516 3740 615 3786 fortuita
649 3741 749 3798 denique
780 3744 872 3787 ridetur
902 3741 1024 3785 aberratio
1054 3753 1097 3796 per
1127 3738 1204 3786 Codd.

97 3819 231 3869 propagate,
251 3812 321 3856 sicuti
336 3825 360 3854 r.
377 3807 435 3854 166.
453 3823 496 3865 pro
514 3811 581 3855 enim
593 3810 779 3855 immortalibus
796 3812 836 3854 alii
855 3810 942 3854 habent
960 3810 1027 3854 enim
1042 3809 1206 3870 mortalibus,

95 3891 116 3922 r.
130 3878 202 3928 1⁰07.
218 3879 359 3939 prudentes
372 3879 449 3924 Codd.
463 3893 545 3924 omues
558 3895 602 3937 pro
617 3878 797 3938 imprudentes.
836 3878 878 3924 56.
899 3880 933 3922 lta
945 3880 1021 3924 Codd.
1039 3882 1112 3924 etiarn
1131 3879 1204 3926 (1.6..

96 3947 220 3998 selaeu.
240 3964 307 3994 nunc
323 3950 437 3994 ltu-tt.
456 3967 490 3984 -·
508 3948 567 3994 dum
585 3951 609 3995 h.
624 3951 641 3994 l.
658 3955 695 3996 est
717 3949 832 4005 temporis
856 3950 975 4004 purttculu
998 3948 1123 4006 absoluta,
1149 3963 1206 4006 pro·

96 4018 142 4070 pris
159 4035 220 4076 „per
233 4021 278 4066 600
291 4020 406 4076 temporis
415 4054 421 4075 ‚
442 4033 488 4076 quo
508 4019 578 4067 istum
596 4034 648 4068 rern
661 4033 808 4078 persequor,
828 4018 957 4074 spatium.”
975 4018 1020 4063 Ubi
1035 4019 1135 4064 iteratur
1147 4019 1206 4064 dum

97 4085 136 4132 boe
151 4092 260 4138 absolute
279 4091 384 4146 positum
402 4091 521 4151 significet
537 4091 589 4137 fere
609 4091 681 4137 modo
699 4113 709 4125 ·
727 4087 816 4141 inodo;
835 4094 860 4132 ut
877 4090 901 4132 in
918 4088 968 4132 illis
987 4088 1054 4134 Arcti
1072 4092 1133 4145 opud
1152 4089 1204 4135 (lie.

97 4157 122 4200 de
133 4158 162 4206 N.
174 4161 205 4205 D.
220 4158 235 4204 2
244 4191 251 4215 ,
268 4161 290 4220 6.
305 4158 347 4206 89.
376 4160 415 4206 Ita
432 4159 491 4208 dum
509 4163 677 4219 interruptam
695 4156 786 4204 eredas
802 4156 914 4203 nimbum
931 4157 1038 4215 soluier,
1057 4157 1125 4205 Dum
1142 4155 1208 4220 quod

97 4226 195 4276 sublime
212 4231 291 4276 uentis
309 4233 444 4291 expulsum
462 4233 522 4292 rapi
538 4231 652 4287 Sexum,
669 4235 715 4276 cet.
