2964 4814
239 236 301 298 lou

303 394 348 454 Et
370 389 498 454 solitum
522 387 674 474 armigeri
696 389 800 452 ducite
823 410 935 452 munus
959 391 1047 475 equi.

242 491 355 556 Omina
376 491 480 553 fausta
503 509 595 553 cano.
642 487 781 554 Crassos
804 491 989 572 clademque
1010 492 1120 572 piata:

302 592 352 655 Ite
375 602 406 653 ct
427 593 592 654 Romanae
614 589 770 652 consulite
792 590 957 653 historiae.

239 693 330 758 Mars
352 703 444 773 pater
467 701 498 752 et
519 711 628 752 sacrae
650 689 758 752 fatalia
779 690 896 752 lumina
919 693 1060 765 Vestae,

299 793 386 855 Ante
409 811 497 854 meos
519 791 625 853 obitus
647 790 708 863 sit,
732 809 873 870 precor,
896 791 949 852 illa
972 791 1060 866 dies,

239 894 310 973 Qua
332 890 454 954 videam
476 889 587 972 spoliis
610 901 761 953 oneratos
785 889 932 954 Caesaris
954 911 1048 964 axes,

302 993 358 1055 Ad
378 991 467 1075 vulgi
489 991 618 1074 plausus
641 1010 737 1073 saepe
759 990 906 1053 resistere
928 1011 1048 1075 equos,

238 1093 342 1176 Inque
363 1092 432 1154 sinu
455 1111 548 1154 carae
570 1091 663 1152 nixus
689 1101 835 1171 spectare
856 1091 983 1169 puellae

301 1191 454 1272 Incipiam
478 1202 509 1253 et
530 1191 630 1253 titulis
653 1190 772 1271 oppida
794 1202 887 1271 capta
909 1193 1039 1272 legam,

241 1293 320 1354 Tela
341 1291 465 1374 fugacis
488 1291 561 1372 equi
583 1301 615 1352 et
637 1291 777 1354 braccati
800 1290 906 1353 militis
928 1311 1020 1354 arcus

301 1393 344 1454 Et
366 1393 477 1454 subter
498 1401 610 1472 captos
633 1411 719 1453 arma
742 1394 853 1454 sedere
876 1394 985 1454 duces.

240 1493 316 1574 ipsa
337 1503 424 1554 tuam
447 1511 540 1575 serpe
561 1491 707 1574 prolem,
732 1491 864 1556 Venus:
888 1495 951 1555 hoc
974 1492 1068 1556 sitin
1092 1516 1222 1574 acrum,
1334 1567 1339 1573 ¹

235 1580 240 1592 ’
300 1589 414 1655 Cernis
440 1593 480 1652 ab
502 1591 612 1653 Aenea
637 1593 723 1673 quod
745 1611 913 1671 superesse
936 1605 1045 1675 caput.
1314 1601 1354 1660 20

40 1737 49 1754 .
140 1779 142 1784 Ι
236 1694 361 1756 Praeda
384 1692 426 1753 sit
447 1694 526 1754 haec
547 1691 625 1765 illis,
649 1710 785 1773 quorum
808 1710 953 1756 meruere
975 1695 1123 1760 labores:

299 1793 359 1855 Me
381 1803 429 1854 sat
452 1792 512 1855 erit
535 1794 632 1854 Sacra
655 1792 807 1872 plaudere
829 1811 926 1875 posse
949 1795 1012 1858 via.

499 1978 577 2037 Lm.
601 1976 668 2039 ιιι.
692 1977 786 2054 (ιν.)
829 1978 1008 2041 annom
1030 1982 1095 2044 ιν.

235 2093 330 2160 Pacis
352 2095 456 2157 Amor
479 2096 556 2156 deus
581 2105 646 2168 cst,
669 2115 779 2175 pacem
801 2117 991 2159 veneramur
1011 2111 1168 2162 amantcsx

299 2195 389 2256 Stant
412 2193 485 2256 mihi
509 2215 580 2255 cum
598 2194 724 2257 domina
748 2197 871 2276 proelia
899 2200 977 2259 dura
1002 2219 1081 2260 mea.

234 2295 308 2358 Non
330 2305 431 2357 tamen
454 2293 559 2358 inviso
581 2306 693 2375 pectus
716 2296 790 2358 mihi
815 2283 955 2378 carpitur
981 2319 1078 2374 ariro,

297 2396 366 2458 Nec
391 2395 471 2456 bibit
493 2415 511 2454 e
533 2415 655 2476 gemma
681 2395 778 2459 divite
803 2408 912 2460 nostra
935 2398 1016 2461 sitis.
1071 2431 1078 2440 =

233 2496 303 2557 Nec
326 2494 400 2556 mihi
424 2495 507 2557 mille
528 2494 614 2577 iugis
638 2495 813 2576 Campania
834 2498 961 2581 pinguis
984 2511 1108 2577 aratur,

295 2598 366 2658 Nec
387 2595 482 2657 miser
505 2616 576 2657 aera
600 2616 681 2675 paro
699 2597 805 2671 clade,
833 2597 1007 2674 Corintho,
1031 2611 1098 2663 tna.

234 2695 264 2757 0
287 2695 390 2775 prima
412 2691 524 2757 infelix
543 2695 675 2778 fingenti
697 2707 782 2758 terra
805 2699 1019 2762 Prometheo!

295 2795 355 2857 Ille
377 2815 488 2876 parum
511 2794 596 2857 cauti
617 2795 758 2878 pectoris
776 2797 842 2880 egit
865 2818 966 2880 opus:

300 3009 324 3053 8.
346 3009 479 3062 „Adducite
504 3025 590 3068 equum
616 3013 772 3068 bellatorem,
800 3021 825 3060 ut
847 3030 890 3060 suo
920 3031 1018 3065 inurere
1040 3022 1063 3064 in
1083 3023 1183 3076 proeliis
1208 3025 1350 3084 fungatur-st

181 3093 184 3100 ι
234 3099 265 3110 -
284 3077 374 3120 suinite
392 3091 482 3122 inermus
500 3080 583 3123 Burin.
603 3081 674 3135 prob.
697 3083 799 3128 llolman
817 3085 961 3142 Peerlkamp
980 3087 1010 3130 N.
1032 3089 1096 3134 Bibl.
1111 3092 1172 3135 crit,
1189 3089 1213 3137 5.
1241 3107 1264 3149 p.
1286 3094 1347 3142 lli.

231 3145 315 3188 lacobs
335 3147 459 3199 proponit:
485 3145 518 3191 Et
536 3147 650 3208 solitum,
679 3153 821 3210 crinigeri,
851 3153 942 3198 cludite
961 3169 1065 3207 munus,
1097 3160 1169 3216 eqni!
1198 3162 1214 3205 i.
1236 3176 1258 3210 e.
1279 3165 1348 3218 ,iam

229 3212 323 3256 bellicis
342 3215 427 3257 restris
447 3216 571 3258 laboribus
589 3215 666 3260 ,finem
684 3219 826 3272 imponite.”
872 3223 919 3266 Sed
940 3227 1060 3280 quomodo
1084 3227 1107 3270 id
1132 3227 1157 3270 h.
1186 3231 1202 3272 l.
1223 3233 1346 3286 quadret,

230 3281 269 3324 ubi
288 3281 316 3324 de
334 3283 484 3335 expeditione
509 3285 658 3338 suscipienda
677 3289 803 3332 inanilesto
829 3303 909 3334 sermo
929 3291 983 3336 est?
1010 3293 1044 3336 Ac
1069 3295 1089 3338 si
1107 3296 1188 3350 dicas,
1208 3299 1244 3340 sic
1264 3300 1347 3353 prote·

228 3350 331 3392 ctionem
350 3355 374 3394 et
390 3350 515 3394 victoriam
536 3354 662 3410 coniungi,
682 3356 769 3398 nimius
787 3358 895 3411 proiecto
921 3366 984 3404 esset
1002 3361 1121 3406 chinemus
1142 3365 1206 3408 inter
1228 3368 1346 3426 imagines

187 3470 190 3483 l
228 3423 284 3461 tunc
305 3430 404 3472 prorsus
424 3419 546 3473 dispares,
578 3422 673 3464 uarium
698 3423 727 3466 ad
757 3423 846 3468 bellurn
875 3425 1076 3481 proficiscentium
1102 3436 1126 3474 et
1150 3445 1267 3488 equorum
1290 3431 1347 3489 post

228 3488 353 3530 victoriana
365 3489 520 3532 cessantium.
560 3485 583 3532 9.
610 3490 644 3532 lte
658 3488 734 3533 Codd.
754 3505 848 3537 aorem.
869 3494 897 3538 1..
918 3496 966 3540 lac.
986 3495 1164 3556 -cledeeque
1181 3501 1239 3545 Alii.
1261 3506 1343 3560 vulgo.

229 3551 271 3597 1³.
291 3561 395 3598 onerato
413 3553 440 3598 C.
460 3568 511 3598 axe
540 3556 605 3600 Mur.
634 3559 697 3601 coni.
724 3561 804 3616 vulgo.
861 3561 902 3607 22.
923 3575 961 3607 me
980 3565 1055 3609 Codd.
1075 3567 1189 3612 meliores
1207 3568 1236 3613 L.
1257 3593 1289 3604 —
1309 3573 1346 3614 mi

229 3621 279 3665 alii.
299 3624 379 3679 vulgo.
572 3674 574 3680 Ι

586 3693 640 3736 Lm.
662 3693 706 3736 lll.
727 3694 791 3748 (lv.)
827 3695 923 3741 ELEG'.
944 3698 987 3743 lV.

300 3756 324 3801 l.
344 3757 414 3810 „iloc
436 3771 530 3804 carinen
550 3761 615 3804 Mur.
642 3767 665 3805 et
682 3762 745 3806 Scal.
765 3765 845 3818 trullo,
878 3767 940 3822 quod
957 3767 1044 3821 sciam,
1076 3769 1137 3818 Cod.
1158 3775 1342 3830 consentiente,

227 3835 280 3869 cum
298 3829 422 3879 superiore
443 3829 643 3873 coniunxerunt.”
666 3829 695 3873 L.
751 3828 776 3874 2.
795 3831 841 3876 Sat
856 3832 934 3877 Livio.
956 3835 1039 3880 lleins.
1063 3841 1126 3884 coni.
1149 3853 1163 3882 a
1185 3841 1284 3886 Lacbm·
1303 3857 1344 3888 re-

228 3894 333 3946 ceptam
355 3893 401 3937 Ed.
426 3907 463 3949 pr,
491 3897 633 3942 Schaelerus
655 3901 684 3942 ad
703 3897 787 3944 lulian.
814 3913 838 3955 p.
864 3901 920 3946 XV.
950 3903 1056 3958 (notante
1079 3907 1195 3952 Paldamo
1218 3922 1241 3962 p.
1268 3907 1343 3966 240.)

225 3966 292 4004 recle
312 3963 459 4014 mearant
479 3965 647 4010 Gramoruui:
668 3961 797 4029 πόλεμος
813 3965 961 4030 ἐνέστηκε.
997 3973 1061 4018 ilaec
1081 3987 1133 4018 cum
1150 3977 1258 4029 proxime
1271 3991 1342 4032 prae·

225 4030 292 4072 redd.
319 4030 463 4086 coniungens
486 4033 589 4077 Holmon
611 4033 755 4090 Peerlkamp
779 4036 809 4080 N.
834 4038 889 4082 Bib.
913 4039 975 4083 eru.
999 4039 1024 4086 5.
1050 4054 1073 4094 p.
1096 4039 1154 4086 ldl.
1176 4047 1259 4089 corb:
1285 4045 1344 4092 Sint

225 4093 297 4139 milti.
353 4092 428 4140 3-5.
459 4098 534 4144 Plura
563 4103 601 4146 hic
622 4103 674 4146 sine
698 4105 783 4148 idonea
806 4118 890 4150 caussa
917 4109 1038 4152 innovarit
1063 4111 1162 4155 Isacbrn.
1188 4113 1211 4155 in
1232 4111 1279 4156 Ed.
1300 4128 1339 4169 pr.

226 4163 403 4208 Sententiarum
430 4167 524 4220 quidem
548 4172 657 4214 iunctura
684 4185 731 4214 non
755 4174 825 4216 nimis
851 4179 979 4230 perspicua
996 4183 1047 4232 est,
1078 4180 1171 4232 fateor,
1201 4181 1243 4222 sed
1261 4184 1339 4238 qualis

223 4233 295 4276 etiam
324 4231 487 4278 severioribus
507 4238 531 4280 in
556 4240 645 4292 poeta,
677 4239 751 4294 eoque
785 4243 905 4299 elegiaco,
941 4245 1059 4291 interdum
1087 4249 1264 4304 concoquenda‘
1285 4255 1336 4295 est:
