2946 4816
1185 237 1247 300 909

124 385 175 464 In
190 401 351 482 locuplete
374 418 476 482 penu,
502 396 640 462 defensis
663 395 834 482 pinguibus
857 395 1008 472 Umbris,

124 504 174 567 Et
196 501 289 584 piper
311 513 343 566 et
363 521 500 584 pernae,
525 499 632 564 Marsi
654 510 856 564 monumenta
880 497 1020 576 clientis,
1209 499 1248 561 75

22 583 28 590 i
126 607 314 689 Maenaque
337 607 425 689 qnod
446 602 548 687 prima
571 605 709 667 nondum
732 601 885 666 deiecerit
908 623 998 666 orca.
1022 637 1063 648 -

126 709 195 771 Hie
217 706 329 791 aliquis
352 709 391 769 de
413 717 507 790 gente
529 705 658 769 hircosa
680 704 900 768 centurionum

73 891 75 894 v
127 811 246 874 Dicat:
269 857 284 885 „
295 810 390 890 Quod
412 805 492 872 satis'
511 819 577 885 est,
601 807 694 892 sapio
717 806 810 883 rnihi3
835 829 898 871 non
921 829 985 893 ego
1008 829 1088 872 euro

126 915 212 978 Esse
234 915 321 997 quod
344 911 505 977 Arcesilas
528 911 772 994 aerumnosique
799 912 958 988 Solones,

127 1016 269 1099 Obstipo
292 1015 395 1097 eapite
418 1027 449 1078 et
470 1015 608 1099 figentes
630 1015 747 1077 lumine
768 1026 907 1091 terram,

127 1121 299 1183 Murmura
321 1139 418 1204 quom
442 1140 549 1182 seeum
572 1129 603 1180 et
625 1117 752 1181 rabiosa
775 1117 896 1180 silentia
916 1119 1038 1182 rodunt

126 1224 239 1305 Atque
262 1232 459 1306 exporrecto
482 1219 674 1284 trutinantur
696 1222 795 1285 verba
817 1221 950 1298 labello,

127 1325 270 1408 Aegroti
293 1325 411 1388 veteris
434 1323 620 1386 meditantes
643 1323 782 1387 somnia:
807 1322 896 1408 gigni

126 1426 180 1490 De
202 1427 301 1490 nihilo
323 1425 418 1502 nihil,
442 1426 475 1488 in
498 1425 627 1488 nihilum
651 1424 695 1487 nil
717 1447 814 1507 posse
837 1426 972 1490 reverti.

126 1530 205 1592 Hoe
220 1539 286 1606 est,
304 1530 391 1612 quod
405 1527 528 1610 palles?
540 1550 597 1590 eur
609 1527 680 1611 quis
696 1549 760 1592 non
773 1533 942 1610 prandeat,
958 1531 1021 1594 hoc
1036 1528 1134 1594 est?’'
1145 1567 1186 1578 —
1208 1531 1248 1594 85

127 1631 192 1696 His
213 1633 353 1714 populns
375 1631 459 1695 ridet
481 1631 678 1716 multumque
700 1643 813 1696 torosa
835 1633 982 1697 inventus

127 1735 310 1820 Ingeminat
332 1735 485 1800 tremulos
508 1755 586 1798 naso
609 1735 768 1817 crispante
791 1735 975 1802 cachinnos.
998 1765 1040 1780 -

128 1837 301 1921 „Inspieea
327 1838 436 1901 neseio
460 1838 534 1923 quid
557 1838 693 1920 trepidat
717 1837 790 1902 rnihi
812 1851 922 1922 peetus
946 1850 978 1903 et
1000 1839 1108 1923 aegris

127 1939 290 2004 Faucibus
312 1951 484 2023 exsuperat
506 1941 615 2025 gravis
637 1941 774 2016 halitus;
798 1941 917 2024 inspice
940 1945 1052 2006 sodesl
1066 1942 1084 1967 ”

130 2042 195 2124 Qui
218 2043 292 2106 dicit
315 2043 455 2120 medico,
479 2043 583 2108 iussus
604 2043 828 2128 requiescere,
852 2055 1022 2130 postquam
1209 2047 1249 2111 90

129 2145 241 2210 Tertia
263 2145 458 2228 compositas
481 2147 558 2210 vidit
580 2168 646 2211 nox
669 2168 801 2210 currere
824 2167 938 2226 venas,

127 2249 180 2312 De
202 2235 322 2313 maiore
346 2251 442 2313 domo
466 2249 589 2314 modice
611 2249 735 2313 sitiente
756 2252 869 2335 lagena

128 2351 230 2413 Lenia
252 2352 362 2415 loturo
384 2351 445 2414 sibi
467 2351 653 2415 Surrentina
676 2353 819 2436 rogavit.

127 2454 221 2517 chs
237 2455 336 2530 bone,
361 2465 395 2516 tu
409 2454 522 2536 palles.
548 2489 588 2501 —
610 2453 721 2528 „Nihil
737 2453 820 2517 est.'’
836 2491 878 2502 —-
893 2456 1013 2538 Videas
1028 2469 1134 2522 tannen
1149 2457 1246 2536 istud,
1356 2529 1360 2540 ,

128 2555 290 2640 Quicquid
311 2556 343 2619 id
365 2568 432 2630 est;
455 2553 559 2640 surgit
581 2556 676 2619 tacite
699 2555 756 2618 tibi
779 2557 863 2621 lutea
885 2559 991 2642 pellis.
1014 2597 1056 2607 —
1206 2563 1247 2626 95
1274 2610 1279 2616 -

126 2705 142 2732 „
153 2659 201 2721 At
223 2670 256 2721 tu
280 2658 418 2723 deterius
440 2659 558 2740 palles:
581 2680 621 2723 ne
642 2658 685 2721 sis
709 2658 783 2723 mihi
805 2672 912 2736 tutor;

124 2761 317 2843 Iampridem
340 2763 426 2824 hune
448 2761 566 2845 sepeli3
589 2773 625 2824 tu
646 2761 784 2825 restas.’'
808 2793 849 2807 -
874 2765 999 2850 Perge,
1024 2768 1151 2830 tacebo.
1175 2799 1216 2810 -

125 2863 292 2948 Turgidus
314 2863 365 2926 hie
386 2864 489 2947 epulis
512 2875 607 2948 atque
630 2866 704 2930 albo
728 2877 838 2929 ventre
862 2868 1011 2946 lavatur,

125 2967 267 3031 Gutture
289 2967 445 3031 sulfureas
467 2967 551 3031 lente
574 2968 740 3031 exhalante
763 2969 942 3051 mephites:

198 3183 239 3232 75.
262 3197 296 3231 =
309 3188 459 3232 monimenta
472 3188 595 3234 RVEAM.
634 3186 676 3234 76.
695 3206 729 3223 ··
747 3187 869 3249 illoneque
887 3190 1029 3236 TRESAM.
1048 3211 1082 3226 -
1099 3194 1146 3238 Vt.
1168 3191 1208 3240 75.
1224 3200 1248 3240 et

126 3254 171 3303 76.
191 3259 288 3302 invertit
306 3259 343 3303 M.
382 3246 431 3303 78.
444 3256 516 3318 Quod
532 3250 597 3304 aetia
619 3264 674 3313 eat,
695 3258 768 3324 appio
792 3257 865 3319 anthi]
884 3259 1044 3306 Ornuesrnei.
1067 3282 1096 3294 -
1116 3262 1182 3322 quod
1205 3278 1247 3309 aa·
1324 3293 1326 3298 »

119 3328 183 3386 pio,
202 3327 266 3372 aetia
281 3325 394 3371 eatmilti
413 3329 472 3371 Alii.
492 3324 535 3372 8⁰.
558 3350 586 3360 —
607 3325 704 3372 Obstito
718 3329 747 3373 F.
767 3327 805 3372 tu.
826 3353 858 3362 -
871 3329 1069 3393 cepitefigeutu
1081 3332 1129 3376 RS.
1150 3330 1194 3377 81.
1214 3358 1247 3368 -

122 3409 199 3456 quom
219 3397 242 3440 h.
264 3397 280 3440 l.
300 3396 371 3442 hahet
386 3397 415 3441 Α.
427 3417 455 3432 υ-
466 3410 523 3441 cum
539 3398 577 3442 vel
593 3411 668 3458 quum
682 3397 744 3442 Cett.
771 3398 808 3442 lh.
820 3417 852 3430 -··
864 3398 964 3444 tattone
976 3400 1005 3445 1².
1024 3398 1070 3444 88.
1091 3424 1124 3434 -
1139 3399 1248 3447 nihilum

120 3467 151 3510 in
175 3463 297 3510 nichilum
315 3468 346 3511 V.
403 3464 445 3512 85.
465 3487 499 3500 -
517 3481 563 3511 eur
579 3466 707 3524 palleali.
762 3464 805 3512 86.
824 3488 860 3502 —
878 3466 931 3513 Hos
956 3470 984 3514 l'.
1011 3469 1122 3514 Norirnb·
1141 3490 1175 3506 -·
1194 3470 1248 3516 Hoc

119 3536 228 3592 Foqnel.
248 3537 270 3578 in
290 3539 411 3581 contextu.
464 3533 507 3580 89.
527 3533 675 3594 exsuperet]
694 3537 725 3580 T.
745 3561 778 3570 -
798 3537 921 3582 exuberet
939 3538 1059 3584 VESAM.
1079 3563 1113 3573 -
1131 3540 1249 3586 exaub'ut

119 3606 154 3650 ll.
195 3601 237 3649 99.
257 3625 291 3640 -
309 3604 447 3666 (lniiuarit
465 3605 491 3650 S.
530 3603 571 3654 93.
590 3631 623 3640 -
640 3606 742 3650 tentum
760 3607 791 3650 V.
820 3605 1021 3668 lh.-rogncit]
1040 3608 1247 3671 TVE.-roga-

120 3675 161 3718 bit
177 3673 207 3718 R.
228 3698 261 3708 -
279 3675 381 3734 rogarit
395 3676 449 3719 SM.
489 3672 530 3720 98.
551 3699 583 3710 ·-
602 3689 648 3720 eur
658 3676 743 3733 pellea
761 3676 791 3720 F.
831 3673 860 3722 95
892 3701 925 3713 ·-
943 3680 1019 3724 tacite
1037 3677 1180 3738 surgittibi
1193 3680 1245 3724 ΤΔ.

122 3740 169 3790 97.
189 3763 226 3777 -·
244 3744 369 3800 sepeliet:
386 3751 472 3790 reatae
489 3745 519 3789 F.
1285 3740 1293 3755 ⁸

122 3845 275 3858 —

196 3901 238 3952 75.
256 3905 409 3950 monimenta
426 3919 450 3962 p.
490 3903 531 3954 78.
551 3906 617 3966 quod
634 3908 722 3966 sepio,
742 3908 807 3952 aetia
826 3913 865 3952 eat
881 3906 945 3953 mitt
962 3921 986 3964 p.
1031 3906 1072 3954 84.
1093 3907 1199 3955 nihilum
1219 3913 1247 3958 in

120 3975 153 4018 Ρ.
192 3971 235 4019 89.
256 3974 380 4019 exuberat
396 3989 420 4031 p.
438 3975 592 4021 -exaudet
612 3971 801 4038 (Mna-mellina.)
819 3978 884 4022 wW.
924 3975 965 4024 92.
985 3976 1059 4024 domu
1075 3978 1105 4028 P.
1145 3977 1186 4026 93.
1206 3995 1246 4027 ro-

119 4043 196 4103 garit
212 4056 236 4098 p.

195 4201 238 4250 89.
269 4203 364 4260 sodes,
394 4205 505 4265 antiquae
524 4207 682 4253 affectationis
706 4214 756 4254 est:
786 4210 845 4254 adeo
875 4213 901 4253 nt
924 4210 1003 4254 soluto
1033 4224 1062 4255 eo
1087 4213 1185 4270 qnidam
1209 4214 1245 4257 nsi

121 4276 184 4330 sint,
215 4279 241 4318 nt
257 4275 373 4328 Plautus,
403 4277 442 4333 qni
465 4289 508 4331 per
529 4277 674 4322 solutionem
696 4279 731 4323 sie
747 4278 795 4324 ait:
816 4277 880 4335 (Aul.
903 4275 936 4334 2,
959 4276 982 4324 1.
1004 4275 1061 4338 ll.)
1094 4280 1145 4327 Die
1163 4278 1244 4336 mitt,

121 4345 147 4389 ai
165 4343 259 4399 nuder,
280 4357 342 4405 quea
361 4349 413 4400 eat,
434 4358 507 4405 quem
524 4344 617 4391 ducere
635 4347 672 4394 cir
691 4346 819 4393 uxorem?-
