2964 4814
133 374 274 440 Pontius
297 376 420 450 heroo,
446 375 566 437 Bassus
592 393 723 457 quoque
745 373 850 439 clarus
872 372 999 448 iambo,

200 477 316 541 Dulcia
339 475 508 540 convictus
531 476 672 538 membra
694 473 785 538 sucre
808 473 889 538 mei:

134 580 181 642 Et
203 578 302 640 tenuit
325 589 453 642 nostras
476 597 665 646 numerosus
690 574 847 640 Horatius
870 595 984 650 aures,

199 680 285 744 Dum
307 679 384 742 ferit
406 678 551 743 Ausonia
573 677 711 748 carmina
735 677 820 739 ctilta
841 676 925 757 lyra.

135 780 313 864 Virgilium
336 780 400 844 vidi
423 790 563 842 tantum:
588 799 646 844 neo
669 799 765 842 avara
789 778 922 844 Tibullo

201 884 342 962 Tempus
366 880 519 944 amicitiae
541 881 605 942 lata
627 883 743 944 dedere
766 901 868 942 meae.

137 985 314 1048 Successor
335 984 396 1046 suit
417 983 469 1046 hic
492 983 566 1057 tibi,
592 983 705 1055 Galle3
728 982 923 1064 Propertius
945 982 1011 1044 illi:

201 1086 341 1165 Quartus
363 1087 402 1148 ab
425 1084 474 1148 his
497 1085 579 1147 serie
601 1082 756 1164 temporis
778 1082 850 1164 ipse
872 1083 931 1146 fui.

135 1187 245 1270 thue
268 1208 331 1271 ego
355 1187 509 1265 maiores,
533 1187 578 1249 sic
601 1208 650 1250 me
673 1187 804 1250 coluere
827 1185 985 1250 minores:

200 1290 353 1372 Notaque
374 1310 438 1352 nou
461 1291 552 1354 tarde
573 1289 659 1352 facta
682 1289 796 1352 'l'halia
819 1309 886 1350 mea
910 1300 973 1352 est.

134 1388 287 1454 Carmina
309 1411 405 1474 quom
427 1391 563 1472 primum
586 1390 710 1472 populo
732 1388 881 1454 iuvenilia
903 1387 990 1470 legi,

122 1569 128 1578 ἱ
199 1494 306 1555 Barba
328 1505 452 1556 resecta
475 1493 551 1556 mihi
572 1492 664 1556 bisve
686 1492 825 1554 semelve
848 1491 922 1556 suit.

134 1595 292 1657 Moverat
313 1594 473 1678 ingenium
496 1606 596 1658 totam
620 1605 744 1656 cantata
766 1615 825 1674 per
847 1594 968 1659 Urbem

200 1695 339 1758 Nomine
361 1717 425 1760 non
448 1717 527 1760 vero
550 1695 632 1758 dicta
657 1695 801 1760 Corinna
824 1695 909 1762 mihi.

134 1797 243 1860 Multa
266 1798 392 1882 quidem
414 1798 547 1879 scripsi,
574 1801 630 1862 scd
652 1820 734 1882 quae
757 1797 873 1862 vitiosa
896 1798 1025 1878 putavi,

199 1899 422 1962 Emendaturis
443 1899 572 1983 ignibus
593 1899 661 1982 ipse
685 1899 769 1964 dedi.

135 2003 222 2064 Tum
245 2023 391 2087 quoque,
416 2023 514 2086 quom
536 2003 702 2085 lugerem,
743 2005 895 2086 qrraedam
917 2001 1073 2084 placitura
1097 2004 1258 2080 cremavi,

198 2105 306 2167 Iratus
328 2105 434 2168 studio
456 2103 714 2188 carminibusque
737 2104 829 2168 meis.

134 2205 261 2279 Molle,
287 2204 472 2286 Cupidineis
495 2227 554 2269 neo
574 2207 828 2290 inexpugnabile
850 2206 921 2269 telis
1220 2209 1259 2270 65

200 2305 270 2371 Cor
293 2306 388 2382 mihi,
413 2311 563 2392 quodque
585 2309 664 2371 levis
688 2329 782 2370 carisa
806 2319 971 2384 moveret,
996 2321 1078 2372 erat.

134 2409 243 2489 Quom
266 2420 369 2471 tamen
392 2411 454 2472 hdc
478 2431 577 2477 essem
601 2409 794 2493 minimoque
817 2413 1010 2476 accenderer
1033 2411 1122 2494 igni,

199 2509 339 2573 Nomine
360 2513 419 2574 sub
441 2522 556 2574 nostro
577 2512 687 2574 sabula
709 2513 793 2575 nulla
814 2512 887 2576 luit.

132 2613 243 2678 Paene
266 2612 345 2675 mihi
365 2633 467 2694 puero
491 2634 550 2676 nec
572 2615 667 2698 digua
689 2635 749 2676 nee
770 2615 856 2678 utilis
879 2637 963 2680 uxor

198 2715 265 2777 Est
282 2717 372 2792 data,
399 2735 479 2802 quiae
501 2727 625 2796 tempus
648 2719 808 2798 perbreve
831 2729 930 2798 nupta
951 2718 1024 2780 fuit.
1222 2723 1261 2781 70

131 2815 187 2879 Illi
209 2817 382 2892 sviccessit,
406 2817 552 2901 quamvis
575 2818 642 2880 sine
665 2818 817 2895 crimine,
842 2818 982 2894 coniux,

199 2920 275 2981 Non
298 2921 455 2982 tamenin
479 2931 591 2984 nostro
615 2920 706 2984 firma
726 2921 834 2985 sutura
857 2933 948 2986 toro.

132 3019 256 3084 Ultima
278 3041 360 3103 quae
383 3043 504 3084 mecum
527 3043 619 3086 seros
641 3022 815 3102 permansit
837 3022 867 3086 iu
891 3041 1011 3100 annos,

199 3121 356 3185 Sustinuit
375 3122 490 3186 coniux
513 3122 633 3184 exsulis
655 3144 723 3186 csse
749 3124 820 3187 viri.

132 3223 216 3286 Filia
240 3246 289 3292 me
312 3246 379 3287 mea
402 3223 450 3286 bis
472 3223 572 3306 prima
594 3224 730 3288 secunda
750 3223 898 3302 iuventa,

199 3327 263 3388 Sed
286 3348 350 3389 non
374 3346 500 3389 extruo
523 3327 679 3410 coniuge,
703 3326 779 3389 fecit
801 3348 908 3390 avum.

132 3426 261 3490 Etiam
285 3429 461 3510 complerat
486 3428 613 3511 genitor
635 3449 690 3490 sua
712 3429 777 3491 lata
799 3449 980 3510 novemque

198 3532 374 3594 Addiderat
396 3531 504 3594 lustris
527 3531 625 3592 altera
649 3530 747 3594 lustra
771 3551 904 3594 novem:

133 3634 212 3697 Non
235 3631 325 3695 allier
346 3633 439 3709 flevi,
465 3655 557 3716 quam
579 3653 629 3694 me
651 3633 785 3698 fleturus
808 3635 987 3716 ademptum

133 3862 238 3918 Scripsit
256 3863 277 3906 is
295 3863 432 3918 Thebaida,
463 3864 628 3910 Antimachum
651 3869 755 3910 secutos.
798 3862 881 3909 taam
905 3867 961 3909 item
980 3865 1121 3919 inscriptam
1144 3865 1258 3911 habemus

131 3933 209 3988 Prep.
233 3931 261 3985 1,
280 3931 351 3991 Eleg.
371 3930 396 3977 l.
443 3933 525 3980 Probe
549 3937 728 3994 distinguendus
757 3935 777 3976 is
797 3939 833 3978 est
851 3947 864 3978 a
883 3933 1064 3992 cognominibus
1092 3935 1186 3990 podiis,
1218 3937 1257 3993 qui

99 3997 101 4002 '
131 4005 189 4056 post
207 4015 261 4044 euru
279 4001 426 4054 floruerunt,
448 4002 534 4048 Caesio
554 4005 644 4058 Basso,
665 4003 741 4048 Gavio
755 4003 833 4046 Basso
856 4009 881 4048 et
898 4005 978 4048 Saleio
998 4003 1093 4058 Basso,
1125 4006 1153 4048 de
1172 4005 1258 4062 quihus

130 4083 156 4116 v.
178 4070 293 4114 Werosd.
314 4072 343 4114 P.
363 4071 393 4116 Ι..
409 4073 444 4116 Μ.
465 4073 495 4116 Τ.
517 4069 541 4118 3.
562 4089 585 4129 p.
606 4073 730 4116 xxxin.
752 4076 776 4115 et
794 4072 827 4115 T.
848 4069 872 4116 4.
892 4073 922 4115 Ρ.
944 4070 969 4115 1.
989 4086 1012 4127 p.
1028 4069 1070 4117 13.
1116 4071 1157 4118 50.
1177 4073 1259 4119 Aonie

132 4140 211 4184 Codd.
233 4136 258 4184 1.
280 4138 400 4194 (Αοοὶἰα1
419 4140 516 4199 Heius.)
562 4141 604 4188 51.
624 4155 715 4186 umero
732 4142 817 4184 Burni.
837 4153 866 4185 ex
885 4141 962 4184 Codd.
1012 4138 1053 4186 53.
1073 4143 1097 4187 ia
1116 4142 1256 4188 attinetur.

132 4205 176 4254 73.
196 4210 282 4252 socios
299 4211 374 4254 Godd.
431 4207 473 4255 15.
492 4210 558 4256 Filio
576 4211 615 4256 bia
632 4210 717 4267 prime
735 4223 791 4254 meo
809 4223 848 4253 me
867 4210 950 4255 fletus.
971 4212 1034 4256 roni.
1083 4211 1124 4258 79.
1144 4211 1258 4268 odeanpto

131 4279 211 4322 Codd.
232 4278 309 4326 inulti.
