2948 4820
120 371 225 436 Huius
247 375 287 434 ad
309 372 479 456 exsequias
501 374 629 454 plorant
652 374 846 460 iuvenesque
873 397 1049 460 senesque:

183 477 278 537 Hunc
301 485 367 537 tota
391 477 467 536 urbs
490 477 617 556 planctu
641 477 753 540 funera
777 479 998 562 prosequitur.

120 579 184 641 Sed
205 599 263 638 nec
285 579 409 640 honore
432 587 519 638 caret
540 578 677 640 tuumlus
699 581 894 664 sobolesque
916 594 1079 663 superstes

185 681 228 742 Et
250 679 373 741 sobolis
395 680 526 743 soboles
548 688 679 762 totaque
702 681 887 760 posteritas.

120 779 255 863 Semper
278 784 381 844 honos
402 802 581 866 nomenque
605 795 729 847 manent
751 794 783 844 et
805 796 952 864 postuma
973 785 1079 849 lamo:

185 886 251 965 Sub
272 871 394 946 tellure
409 883 461 946 siti
484 871 586 968 gloria
612 897 714 948 morte
730 897 847 949 earet:

11 1007 12 1012 ¹
120 985 249 1047 Scilicet
272 985 464 1066 intrepidum
488 1008 580 1069 quem
603 997 734 1052 stantem
758 998 790 1049 et
813 987 1055 1073 belligerantem

183 1089 252 1150 Pro
275 1087 375 1167 patria
399 1098 430 1149 et
452 1087 533 1150 natis
556 1089 650 1150 Mars
672 1090 760 1152 ferus
782 1089 933 1172 abripuit.

119 1188 254 1272 Fugerit
276 1198 308 1248 at
330 1187 440 1270 nigrae
463 1188 489 1251 si
511 1191 609 1272 longa
631 1189 752 1252 silentia
776 1191 879 1254 noetis
942 1213 944 1216 ’

184 1293 227 1352 Et
248 1290 352 1372 spolia
375 1311 393 1353 e
415 1292 500 1354 bello
523 1291 631 1354 victor
655 1275 758 1372 opima
782 1292 884 1368 ferat,

119 1394 216 1455 Hunc
239 1402 388 1455 venerata
411 1392 514 1455 minor
536 1392 632 1468 colit,
655 1395 739 1455 huuc
762 1405 794 1457 et
815 1393 920 1458 serior
941 1406 1045 1460 aetas:

183 1493 236 1556 Sic
258 1495 412 1558 tumulum
436 1495 534 1557 multo
556 1495 670 1576 plenus
691 1497 815 1560 honore
837 1496 937 1579 petits

119 1595 221 1660 cuins
241 1597 431 1658 honoratam
454 1597 577 1678 populo
600 1618 658 1658 uec
676 1597 815 1659 'vocibus
838 1601 921 1662 arisit

183 1699 252 1759 Nec
274 1687 364 1758 dicits
387 1697 554 1780 quisquam
577 1698 702 1760 laedere
725 1698 892 1764 canitiem:

117 1801 303 1882 Assurgunt
325 1798 369 1862 illi
390 1799 521 1862 iuvenes
552 1820 776 1883 aequaevaque
799 1804 911 1882 turba,

92 1937 93 1940 ¹
181 1903 366 1984 Assurgunt
388 1922 468 1965 aevo
490 1901 551 1963 iam
575 1902 727 1984 graviore
750 1924 856 1966 senes.

118 1997 193 2066 Hoc
216 2025 299 2063 nume
320 2003 454 2087 quisque
477 2014 568 2084 paret
592 2003 717 2065 virtutis
740 2007 893 2068 scandere
915 2007 1058 2084 eulmen,

181 2105 304 2167 Bellum
328 2105 488 2169 indefesso
510 2104 684 2168 sollicitans
706 2105 825 2170 stillio.

1199 685 1242 748 30

187 2275 231 2335 23]
250 2277 286 2321 Ex
305 2291 408 2332 erroro,
428 2279 465 2322 cui
485 2277 602 2322 obnoxius
620 2277 665 2321 luit
683 2280 719 2323 vel
739 2280 862 2338 Scaliger,
882 2268 982 2325 Grotius
1001 2296 1094 2340 quoque
1114 2285 1136 2328 ln.
1158 2287 1174 2331 l.
1189 2281 1236 2344 so.

117 2361 180 2393 nere
199 2361 264 2392 nom.
284 2361 340 2406 geu.
359 2347 416 2392 lem.
435 2348 515 2404 posuit
532 2361 577 2404 pro
591 2346 716 2410 praefice.
744 2349 797 2393 Cle.
817 2363 889 2406 supra
908 2350 1005 2396 Anthol.
1024 2352 1123 2398 Iustinae
1141 2353 1187 2410 Ep.
1210 2351 1234 2399 3.
