<?xml version="1.0" encoding="UTF-8"?>
<!DOCTYPE html PUBLIC "-//W3C//DTD XHTML 1.0 Transitional//EN"
    "http://www.w3.org/TR/xhtml1/DTD/xhtml1-transitional.dtd">
<html xmlns="http://www.w3.org/1999/xhtml" xml:lang="en" lang="en">
 <head>
  <title>
</title>
<meta http-equiv="Content-Type" content="text/html;charset=utf-8" />
  <meta name='ocr-system' content='tesseract 3.04.00' />
  <meta name='ocr-capabilities' content='ocr_page ocr_carea ocr_par ocr_line ocrx_word'/>
</head>
<body>
  <div class='ocr_page' id='page_1' title='image "./eclogaepoetarum01orelgoog_0344.png"; bbox 0 0 2948 4820; ppageno 0'>
   <div class='ocr_carea' id='block_1_1' title="bbox 117 485 942 1077">
    <p class='ocr_par' dir='ltr' id='par_1_1' title="bbox 117 485 936 974">
     <span class='ocr_line' id='line_1_1' title="bbox 119 485 923 572; baseline -0.006 -18"><span class='ocrx_word' id='word_1_1' title='bbox 119 489 291 572; x_wconf 82' lang='lat' dir='ltr'><strong>Diogenes</strong></span> <span class='ocrx_word' id='word_1_2' title='bbox 314 487 392 551; x_wconf 84' lang='lat' dir='ltr'>situs</span> <span class='ocrx_word' id='word_1_3' title='bbox 414 486 465 550; x_wconf 80' lang='lat' dir='ltr'>irie</span> <span class='ocrx_word' id='word_1_4' title='bbox 486 485 610 568; x_wconf 86' lang='lat' dir='ltr'>sapiens</span> <span class='ocrx_word' id='word_1_5' title='bbox 634 486 740 562; x_wconf 76' lang='lat' dir='ltr'>earnis,</span> <span class='ocrx_word' id='word_1_6' title='bbox 766 485 816 548; x_wconf 84' lang='lat' dir='ltr'>ille</span> <span class='ocrx_word' id='word_1_7' title='bbox 841 485 923 549; x_wconf 89' lang='lat' dir='ltr'>virili</span> 
     </span>
     <span class='ocr_line' id='line_1_2' title="bbox 182 586 873 672; baseline -0.009 -18"><span class='ocrx_word' id='word_1_8' title='bbox 182 593 322 654; x_wconf 88' lang='lat' dir='ltr'>Peetore</span> <span class='ocrx_word' id='word_1_9' title='bbox 346 590 400 672; x_wconf 90' lang='lat' dir='ltr'>qni</span> <span class='ocrx_word' id='word_1_10' title='bbox 422 590 507 652; x_wconf 89' lang='lat' dir='ltr'>vitae</span> <span class='ocrx_word' id='word_1_11' title='bbox 532 586 635 650; x_wconf 89' lang='lat' dir='ltr'>velitis</span> <span class='ocrx_word' id='word_1_12' title='bbox 659 599 770 649; x_wconf 75' lang='lat' dir='ltr'>aneton·</span> <span class='ocrx_word' id='word_1_13' title='bbox 793 598 873 650; x_wconf 87' lang='lat' dir='ltr'>erat.</span> 
     </span>
     <span class='ocr_line' id='line_1_3' title="bbox 117 689 936 771; baseline -0.009 -14"><span class='ocrx_word' id='word_1_14' title='bbox 117 692 208 757; x_wconf 84' lang='lat' dir='ltr'>Untts</span> <span class='ocrx_word' id='word_1_15' title='bbox 231 690 282 754; x_wconf 89' lang='lat' dir='ltr'>eui</span> <span class='ocrx_word' id='word_1_16' title='bbox 304 691 453 765; x_wconf 84' lang='lat' dir='ltr'>baeuius,</span> <span class='ocrx_word' id='word_1_17' title='bbox 479 711 555 771; x_wconf 85' lang='lat' dir='ltr'>pera</span> <span class='ocrx_word' id='word_1_18' title='bbox 579 710 637 751; x_wconf 81' lang='lat' dir='ltr'>nna</span> <span class='ocrx_word' id='word_1_19' title='bbox 662 701 691 752; x_wconf 91' lang='lat' dir='ltr'>et</span> <span class='ocrx_word' id='word_1_20' title='bbox 716 689 832 770; x_wconf 86' lang='lat' dir='ltr'>diplois</span> <span class='ocrx_word' id='word_1_21' title='bbox 856 709 936 750; x_wconf 85' lang='lat' dir='ltr'>una:</span> 
     </span>
     <span class='ocr_line' id='line_1_4' title="bbox 183 789 873 875; baseline -0.006 -19"><span class='ocrx_word' id='word_1_22' title='bbox 183 795 274 856; x_wconf 84' lang='lat' dir='ltr'>Hace</span> <span class='ocrx_word' id='word_1_23' title='bbox 296 792 399 854; x_wconf 92' lang='lat' dir='ltr'>auimo</span> <span class='ocrx_word' id='word_1_24' title='bbox 421 791 509 874; x_wconf 80' lang='lat' dir='ltr'>frugi</span> <span class='ocrx_word' id='word_1_25' title='bbox 531 789 648 875; x_wconf 87' lang='lat' dir='ltr'>qnippe</span> <span class='ocrx_word' id='word_1_26' title='bbox 670 790 762 853; x_wconf 88' lang='lat' dir='ltr'>suere</span> <span class='ocrx_word' id='word_1_27' title='bbox 784 790 873 852; x_wconf 89' lang='lat' dir='ltr'>satis.</span> 
     </span>
     <span class='ocr_line' id='line_1_5' title="bbox 120 890 926 974; baseline -0.005 -16"><span class='ocrx_word' id='word_1_28' title='bbox 120 893 261 969; x_wconf 89' lang='lat' dir='ltr'>Vesaui,</span> <span class='ocrx_word' id='word_1_29' title='bbox 286 915 401 956; x_wconf 90' lang='lat' dir='ltr'>moneo</span> <span class='ocrx_word' id='word_1_30' title='bbox 424 892 537 974; x_wconf 88' lang='lat' dir='ltr'>proenl</span> <span class='ocrx_word' id='word_1_31' title='bbox 561 894 623 954; x_wconf 89' lang='lat' dir='ltr'>hoe</span> <span class='ocrx_word' id='word_1_32' title='bbox 646 890 790 953; x_wconf 87' lang='lat' dir='ltr'>absistite</span> <span class='ocrx_word' id='word_1_33' title='bbox 814 895 926 954; x_wconf 84' lang='lat' dir='ltr'>busto:</span> 
     </span>
    </p>

    <p class='ocr_par' dir='ltr' id='par_1_2' title="bbox 182 991 942 1077">
     <span class='ocr_line' id='line_1_6' title="bbox 182 991 942 1077; baseline -0.008 -17"><span class='ocrx_word' id='word_1_34' title='bbox 182 997 285 1061; x_wconf 86' lang='lat' dir='ltr'>Ferre</span> <span class='ocrx_word' id='word_1_35' title='bbox 309 993 495 1077; x_wconf 81' lang='lat' dir='ltr'>Sinopensis</span> <span class='ocrx_word' id='word_1_36' title='bbox 518 991 620 1056; x_wconf 88' lang='lat' dir='ltr'>nescit</span> <span class='ocrx_word' id='word_1_37' title='bbox 641 1003 673 1055; x_wconf 88' lang='lat' dir='ltr'>et</span> <span class='ocrx_word' id='word_1_38' title='bbox 696 995 804 1054; x_wconf 83' lang='lat' dir='ltr'>utubra</span> <span class='ocrx_word' id='word_1_39' title='bbox 830 993 942 1054; x_wconf 81' lang='lat' dir='ltr'>tuales.</span> 
     </span>
    </p>
   </div>
   <div class='ocr_carea' id='block_1_2' title="bbox 558 1149 705 1212">
    <p class='ocr_par' dir='ltr' id='par_1_3' title="bbox 558 1149 705 1212">
     <span class='ocr_line' id='line_1_7' title="bbox 558 1149 705 1212; baseline 0.068 -10"><span class='ocrx_word' id='word_1_40' title='bbox 558 1191 565 1202; x_wconf 92' lang='lat'><strong>.</strong></span> <span class='ocrx_word' id='word_1_41' title='bbox 651 1149 705 1212; x_wconf 89' lang='lat'>88.</span> 
     </span>
    </p>
   </div>
   <div class='ocr_carea' id='block_1_3' title="bbox 118 1266 994 1656">
    <p class='ocr_par' dir='ltr' id='par_1_4' title="bbox 118 1266 942 1451">
     <span class='ocr_line' id='line_1_8' title="bbox 118 1266 942 1353; baseline -0.01 -18"><span class='ocrx_word' id='word_1_42' title='bbox 118 1268 278 1353; x_wconf 81' lang='lat' dir='ltr'>Diogenis</span> <span class='ocrx_word' id='word_1_43' title='bbox 301 1266 455 1351; x_wconf 87' lang='lat' dir='ltr'>sapientis</span> <span class='ocrx_word' id='word_1_44' title='bbox 478 1289 555 1350; x_wconf 87' lang='lat' dir='ltr'>opes</span> <span class='ocrx_word' id='word_1_45' title='bbox 578 1280 650 1330; x_wconf 82' lang='lat' dir='ltr'>snm</span> <span class='ocrx_word' id='word_1_46' title='bbox 671 1287 768 1349; x_wconf 88' lang='lat' dir='ltr'>pera,</span> <span class='ocrx_word' id='word_1_47' title='bbox 797 1266 942 1342; x_wconf 83' lang='lat' dir='ltr'>lacerna,</span> 
     </span>
     <span class='ocr_line' id='line_1_9' title="bbox 185 1367 898 1451; baseline -0.007 -18"><span class='ocrx_word' id='word_1_48' title='bbox 185 1371 313 1451; x_wconf 86' lang='lat' dir='ltr'>Seipio;</span> <span class='ocrx_word' id='word_1_49' title='bbox 338 1371 423 1432; x_wconf 79' lang='lat' dir='ltr'>utalia</span> <span class='ocrx_word' id='word_1_50' title='bbox 446 1370 506 1432; x_wconf 80' lang='lat' dir='ltr'>suit</span> <span class='ocrx_word' id='word_1_51' title='bbox 528 1371 592 1433; x_wconf 88' lang='lat' dir='ltr'>vita</span> <span class='ocrx_word' id='word_1_52' title='bbox 617 1383 745 1433; x_wconf 89' lang='lat' dir='ltr'>onerata</span> <span class='ocrx_word' id='word_1_53' title='bbox 770 1367 898 1446; x_wconf 52' lang='lat' dir='ltr'>ruiana„</span> 
     </span>
    </p>

    <p class='ocr_par' dir='ltr' id='par_1_5' title="bbox 121 1467 994 1656">
     <span class='ocr_line' id='line_1_10' title="bbox 121 1467 957 1554; baseline -0.006 -18"><span class='ocrx_word' id='word_1_54' title='bbox 121 1473 175 1536; x_wconf 85' lang='lat' dir='ltr'>Nil</span> <span class='ocrx_word' id='word_1_55' title='bbox 200 1472 276 1554; x_wconf 82' lang='lat' dir='ltr'>liqui</span> <span class='ocrx_word' id='word_1_56' title='bbox 298 1472 432 1535; x_wconf 80' lang='lat' dir='ltr'>tellure:</span> <span class='ocrx_word' id='word_1_57' title='bbox 456 1472 527 1535; x_wconf 82' lang='lat' dir='ltr'>fero</span> <span class='ocrx_word' id='word_1_58' title='bbox 551 1491 618 1534; x_wconf 90' lang='lat' dir='ltr'>mea</span> <span class='ocrx_word' id='word_1_59' title='bbox 642 1485 755 1534; x_wconf 85' lang='lat' dir='ltr'>cuneta</span> <span class='ocrx_word' id='word_1_60' title='bbox 779 1467 957 1533; x_wconf 76' lang='lat' dir='ltr'>Charontia</span> 
     </span>
     <span class='ocr_line' id='line_1_11' title="bbox 184 1571 994 1656; baseline -0.004 -19"><span class='ocrx_word' id='word_1_61' title='bbox 184 1576 280 1638; x_wconf 88' lang='lat' dir='ltr'>Mota</span> <span class='ocrx_word' id='word_1_62' title='bbox 303 1585 355 1637; x_wconf 90' lang='lat' dir='ltr'>tua</span> <span class='ocrx_word' id='word_1_63' title='bbox 379 1571 537 1656; x_wconf 86' lang='lat' dir='ltr'>excipiat,</span> <span class='ocrx_word' id='word_1_64' title='bbox 563 1573 726 1650; x_wconf 82' lang='lat' dir='ltr'>Cerbero,</span> <span class='ocrx_word' id='word_1_65' title='bbox 751 1575 849 1635; x_wconf 75' lang='lat' dir='ltr'>eartda</span> <span class='ocrx_word' id='word_1_66' title='bbox 872 1591 994 1634; x_wconf 84' lang='lat' dir='ltr'>eonem.</span> 
     </span>
    </p>
   </div>
   <div class='ocr_carea' id='block_1_4' title="bbox 654 1732 708 1796">
    <p class='ocr_par' dir='ltr' id='par_1_6' title="bbox 654 1732 708 1796">
     <span class='ocr_line' id='line_1_12' title="bbox 654 1732 708 1796; baseline 0 -1"><span class='ocrx_word' id='word_1_67' title='bbox 654 1732 708 1796; x_wconf 77' lang='lat'>89.</span> 
     </span>
    </p>
   </div>
   <div class='ocr_carea' id='block_1_5' title="bbox 90 1849 1237 2648">
    <p class='ocr_par' dir='ltr' id='par_1_7' title="bbox 90 1849 923 2036">
     <span class='ocr_line' id='line_1_13' title="bbox 122 1849 893 1934; baseline -0.004 -19"><span class='ocrx_word' id='word_1_68' title='bbox 122 1849 270 1915; x_wconf 87' lang='lat' dir='ltr'>Plutonis</span> <span class='ocrx_word' id='word_1_69' title='bbox 292 1850 389 1934; x_wconf 79' lang='lat' dir='ltr'>rigidi</span> <span class='ocrx_word' id='word_1_70' title='bbox 411 1861 496 1915; x_wconf 91' lang='lat' dir='ltr'>tetro</span> <span class='ocrx_word' id='word_1_71' title='bbox 519 1849 627 1934; x_wconf 86' lang='lat' dir='ltr'>gravis</span> <span class='ocrx_word' id='word_1_72' title='bbox 652 1873 709 1915; x_wconf 91' lang='lat' dir='ltr'>ore</span> <span class='ocrx_word' id='word_1_73' title='bbox 733 1851 893 1928; x_wconf 77' lang='lat' dir='ltr'>minister,</span> 
     </span>
     <span class='ocr_line' id='line_1_14' title="bbox 90 1953 923 2036; baseline 0.001 -22"><span class='ocrx_word' id='word_1_74' title='bbox 90 2021 93 2026; x_wconf 26' lang='lat'><strong>¹</strong></span> <span class='ocrx_word' id='word_1_75' title='bbox 187 1953 250 2032; x_wconf 86' lang='lat' dir='ltr'>Qui</span> <span class='ocrx_word' id='word_1_76' title='bbox 273 1954 362 2036; x_wconf 87' lang='lat' dir='ltr'>nigra</span> <span class='ocrx_word' id='word_1_77' title='bbox 387 1954 500 2016; x_wconf 86' lang='lat' dir='ltr'>transis</span> <span class='ocrx_word' id='word_1_78' title='bbox 522 1955 605 2016; x_wconf 88' lang='lat' dir='ltr'>hune</span> <span class='ocrx_word' id='word_1_79' title='bbox 627 1955 812 2016; x_wconf 81' lang='lat' dir='ltr'>Acheronta</span> <span class='ocrx_word' id='word_1_80' title='bbox 835 1965 923 2027; x_wconf 86' lang='lat' dir='ltr'>rate,</span> 
     </span>
    </p>

    <p class='ocr_par' dir='ltr' id='par_1_8' title="bbox 121 2054 1179 2237">
     <span class='ocr_line' id='line_1_15' title="bbox 121 2054 1179 2139; baseline -0.008 -20"><span class='ocrx_word' id='word_1_81' title='bbox 121 2054 301 2132; x_wconf 74' lang='lat' dir='ltr'>Diogenem</span> <span class='ocrx_word' id='word_1_82' title='bbox 326 2076 396 2130; x_wconf 88' lang='lat' dir='ltr'>me,</span> <span class='ocrx_word' id='word_1_83' title='bbox 422 2076 562 2139; x_wconf 81' lang='lat' dir='ltr'><strong>quaeso,</strong></span> <span class='ocrx_word' id='word_1_84' title='bbox 589 2077 694 2117; x_wconf 90' lang='lat' dir='ltr'>eauem</span> <span class='ocrx_word' id='word_1_85' title='bbox 719 2057 810 2117; x_wconf 88' lang='lat' dir='ltr'>simul</span> <span class='ocrx_word' id='word_1_86' title='bbox 832 2054 959 2136; x_wconf 78' lang='lat' dir='ltr'>aee-ipe,</span> <span class='ocrx_word' id='word_1_87' title='bbox 991 2072 1179 2134; x_wconf 77' lang='lat' dir='ltr'>qunamqnam</span> 
     </span>
     <span class='ocr_line' id='line_1_16' title="bbox 186 2155 893 2237; baseline 0.001 -19"><span class='ocrx_word' id='word_1_88' title='bbox 186 2157 376 2218; x_wconf 84' lang='lat' dir='ltr'>Urubrarnm</span> <span class='ocrx_word' id='word_1_89' title='bbox 401 2168 510 2237; x_wconf 86' lang='lat' dir='ltr'>portat</span> <span class='ocrx_word' id='word_1_90' title='bbox 536 2155 589 2218; x_wconf 84' lang='lat' dir='ltr'>vix</span> <span class='ocrx_word' id='word_1_91' title='bbox 611 2168 663 2220; x_wconf 83' lang='lat' dir='ltr'>tua</span> <span class='ocrx_word' id='word_1_92' title='bbox 687 2156 776 2218; x_wconf 88' lang='lat' dir='ltr'>navis</span> <span class='ocrx_word' id='word_1_93' title='bbox 800 2177 893 2219; x_wconf 90' lang='lat' dir='ltr'>ouus.</span> 
     </span>
    </p>

    <p class='ocr_par' dir='ltr' id='par_1_9' title="bbox 122 2254 1237 2443">
     <span class='ocr_line' id='line_1_17' title="bbox 122 2254 1237 2342; baseline -0.004 -22"><span class='ocrx_word' id='word_1_94' title='bbox 122 2255 305 2337; x_wconf 81' lang='lat' dir='ltr'>Ampnliam</span> <span class='ocrx_word' id='word_1_95' title='bbox 330 2278 501 2340; x_wconf 80' lang='lat' dir='ltr'>perumque</span> <span class='ocrx_word' id='word_1_96' title='bbox 523 2257 594 2320; x_wconf 81' lang='lat' dir='ltr'>sero</span> <span class='ocrx_word' id='word_1_97' title='bbox 620 2270 823 2342; x_wconf 80' lang='lat' dir='ltr'>veteremque</span> <span class='ocrx_word' id='word_1_98' title='bbox 848 2257 1001 2319; x_wconf 78' lang='lat' dir='ltr'>lacernam</span> <span class='ocrx_word' id='word_1_99' title='bbox 1218 2254 1237 2315; x_wconf 80' lang='lat'><strong>5</strong></span> 
     </span>
     <span class='ocr_line' id='line_1_18' title="bbox 188 2357 1074 2443; baseline 0.001 -23"><span class='ocrx_word' id='word_1_100' title='bbox 188 2359 296 2440; x_wconf 80' lang='lat' dir='ltr'>Atque</span> <span class='ocrx_word' id='word_1_101' title='bbox 321 2359 480 2440; x_wconf 78' lang='lat' dir='ltr'>oboleno,</span> <span class='ocrx_word' id='word_1_102' title='bbox 498 2365 619 2421; x_wconf 85' lang='lat' dir='ltr'>meroes</span> <span class='ocrx_word' id='word_1_103' title='bbox 643 2381 723 2443; x_wconf 81' lang='lat' dir='ltr'>quae</span> <span class='ocrx_word' id='word_1_104' title='bbox 747 2371 816 2434; x_wconf 92' lang='lat' dir='ltr'>tua,</span> <span class='ocrx_word' id='word_1_105' title='bbox 840 2370 971 2433; x_wconf 79' lang='lat' dir='ltr'>vertor,</span> <span class='ocrx_word' id='word_1_106' title='bbox 1001 2357 1074 2421; x_wconf 88' lang='lat' dir='ltr'>erit.</span> 
     </span>
    </p>

    <p class='ocr_par' dir='ltr' id='par_1_10' title="bbox 123 2457 1044 2648">
     <span class='ocr_line' id='line_1_19' title="bbox 123 2457 1044 2541; baseline 0.001 -23"><span class='ocrx_word' id='word_1_107' title='bbox 123 2459 256 2535; x_wconf 86' lang='lat' dir='ltr'>Omnia,</span> <span class='ocrx_word' id='word_1_108' title='bbox 281 2479 363 2541; x_wconf 81' lang='lat' dir='ltr'>qnae</span> <span class='ocrx_word' id='word_1_109' title='bbox 387 2457 498 2523; x_wconf 86' lang='lat' dir='ltr'>vivens</span> <span class='ocrx_word' id='word_1_110' title='bbox 520 2461 637 2535; x_wconf 89' lang='lat' dir='ltr'>habui,</span> <span class='ocrx_word' id='word_1_111' title='bbox 663 2462 732 2524; x_wconf 81' lang='lat' dir='ltr'>fero</span> <span class='ocrx_word' id='word_1_112' title='bbox 755 2461 839 2525; x_wconf 90' lang='lat' dir='ltr'>Ditis</span> <span class='ocrx_word' id='word_1_113' title='bbox 862 2464 901 2523; x_wconf 90' lang='lat' dir='ltr'>ad</span> <span class='ocrx_word' id='word_1_114' title='bbox 923 2461 1044 2535; x_wconf 71' lang='lat' dir='ltr'>aulam,</span> 
     </span>
     <span class='ocr_line' id='line_1_20' title="bbox 189 2561 1001 2648; baseline 0.005 -24"><span class='ocrx_word' id='word_1_115' title='bbox 189 2563 256 2624; x_wconf 86' lang='lat' dir='ltr'>Res</span> <span class='ocrx_word' id='word_1_116' title='bbox 278 2563 337 2623; x_wconf 87' lang='lat' dir='ltr'>snb</span> <span class='ocrx_word' id='word_1_117' title='bbox 360 2563 428 2624; x_wconf 89' lang='lat' dir='ltr'>sole</span> <span class='ocrx_word' id='word_1_118' title='bbox 442 2606 451 2639; x_wconf 93' lang='lat'>,</span> <span class='ocrx_word' id='word_1_119' title='bbox 475 2561 536 2625; x_wconf 85' lang='lat' dir='ltr'>fuit</span> <span class='ocrx_word' id='word_1_120' title='bbox 559 2585 640 2648; x_wconf 83' lang='lat' dir='ltr'>qtrae</span> <span class='ocrx_word' id='word_1_121' title='bbox 664 2585 751 2641; x_wconf 88' lang='lat' dir='ltr'>mea,</span> <span class='ocrx_word' id='word_1_122' title='bbox 776 2565 860 2626; x_wconf 86' lang='lat' dir='ltr'>nulla</span> <span class='ocrx_word' id='word_1_123' title='bbox 885 2575 1001 2628; x_wconf 76' lang='lat' dir='ltr'>tunnet-</span> 
     </span>
    </p>
   </div>
   <div class='ocr_carea' id='block_1_6' title="bbox 653 2703 720 2774">
    <p class='ocr_par' dir='ltr' id='par_1_11' title="bbox 653 2703 720 2774">
     <span class='ocr_line' id='line_1_21' title="bbox 653 2703 720 2774; baseline -0.045 -8"><span class='ocrx_word' id='word_1_124' title='bbox 653 2703 720 2774; x_wconf 66' lang='lat'>90„</span> 
     </span>
    </p>
   </div>
   <div class='ocr_carea' id='block_1_7' title="bbox 123 2819 1245 3417">
    <p class='ocr_par' dir='ltr' id='par_1_12' title="bbox 123 2819 1231 3009">
     <span class='ocr_line' id='line_1_22' title="bbox 123 2819 1230 2906; baseline 0.003 -23"><span class='ocrx_word' id='word_1_125' title='bbox 123 2820 226 2894; x_wconf 88' lang='lat' dir='ltr'>Pera,</span> <span class='ocrx_word' id='word_1_126' title='bbox 250 2819 378 2883; x_wconf 88' lang='lat' dir='ltr'>lacerna</span> <span class='ocrx_word' id='word_1_127' title='bbox 400 2821 520 2902; x_wconf 84' lang='lat' dir='ltr'>dtrpiex</span> <span class='ocrx_word' id='word_1_128' title='bbox 543 2833 574 2884; x_wconf 88' lang='lat' dir='ltr'>et</span> <span class='ocrx_word' id='word_1_129' title='bbox 598 2844 697 2906; x_wconf 89' lang='lat' dir='ltr'>aquae</span> <span class='ocrx_word' id='word_1_130' title='bbox 719 2822 869 2904; x_wconf 87' lang='lat' dir='ltr'>permista</span> <span class='ocrx_word' id='word_1_131' title='bbox 892 2824 1020 2906; x_wconf 79' lang='lat' dir='ltr'>polenta</span> <span class='ocrx_word' id='word_1_132' title='bbox 1031 2841 1053 2899; x_wconf 54' lang='lat'>,⁸</span> <span class='ocrx_word' id='word_1_133' title='bbox 1120 2831 1121 2836; x_wconf 75' lang='grc'>’</span> <span class='ocrx_word' id='word_1_134' title='bbox 1227 2847 1230 2854; x_wconf 78' lang='grc'><strong><em>’</em></strong></span> 
     </span>
     <span class='ocr_line' id='line_1_23' title="bbox 188 2911 1231 3009; baseline 0.006 -25"><span class='ocrx_word' id='word_1_135' title='bbox 188 2924 231 2984; x_wconf 89' lang='lat' dir='ltr'>Et</span> <span class='ocrx_word' id='word_1_136' title='bbox 253 2924 385 2985; x_wconf 79' lang='lat' dir='ltr'>baculus</span> <span class='ocrx_word' id='word_1_137' title='bbox 409 2946 554 3007; x_wconf 77' lang='lat' dir='ltr'>gressum</span> <span class='ocrx_word' id='word_1_138' title='bbox 577 2925 631 3009; x_wconf 73' lang='lat' dir='ltr'>qiu</span> <span class='ocrx_word' id='word_1_139' title='bbox 653 2925 737 3008; x_wconf 86' lang='lat' dir='ltr'>regit</span> <span class='ocrx_word' id='word_1_140' title='bbox 761 2937 832 2988; x_wconf 86' lang='lat' dir='ltr'>ante</span> <span class='ocrx_word' id='word_1_141' title='bbox 855 2929 975 3007; x_wconf 86' lang='lat' dir='ltr'>pedes,</span> <span class='ocrx_word' id='word_1_142' title='bbox 1226 2911 1231 2924; x_wconf 86' lang='lat'>.</span> 
     </span>
    </p>

    <p class='ocr_par' dir='ltr' id='par_1_13' title="bbox 125 3026 1062 3212">
     <span class='ocr_line' id='line_1_24' title="bbox 125 3026 985 3110; baseline 0.002 -24"><span class='ocrx_word' id='word_1_143' title='bbox 125 3026 289 3106; x_wconf 76' lang='lat' dir='ltr'>&#39;festaque</span> <span class='ocrx_word' id='word_1_144' title='bbox 311 3046 372 3106; x_wconf 85' lang='lat' dir='ltr'>pro</span> <span class='ocrx_word' id='word_1_145' title='bbox 395 3027 529 3105; x_wconf 77' lang='lat' dir='ltr'><strong>cyatho,</strong></span> <span class='ocrx_word' id='word_1_146' title='bbox 554 3026 704 3108; x_wconf 82' lang='lat' dir='ltr'>sapientis</span> <span class='ocrx_word' id='word_1_147' title='bbox 727 3039 794 3090; x_wconf 89' lang='lat' dir='ltr'>tota</span> <span class='ocrx_word' id='word_1_148' title='bbox 818 3030 985 3110; x_wconf 86' lang='lat' dir='ltr'>suppellex</span> 
     </span>
     <span class='ocr_line' id='line_1_25' title="bbox 189 3113 1062 3212; baseline 0.007 -26"><span class='ocrx_word' id='word_1_149' title='bbox 189 3127 280 3188; x_wconf 88' lang='lat' dir='ltr'>Haeo</span> <span class='ocrx_word' id='word_1_150' title='bbox 302 3126 388 3188; x_wconf 89' lang='lat' dir='ltr'>canis</span> <span class='ocrx_word' id='word_1_151' title='bbox 412 3139 477 3189; x_wconf 82' lang='lat' dir='ltr'>est:</span> <span class='ocrx_word' id='word_1_152' title='bbox 501 3113 584 3190; x_wconf 80' lang='lat' dir='ltr'>etin</span> <span class='ocrx_word' id='word_1_153' title='bbox 608 3128 656 3190; x_wconf 87' lang='lat' dir='ltr'>his</span> <span class='ocrx_word' id='word_1_154' title='bbox 678 3132 765 3211; x_wconf 89' lang='lat' dir='ltr'>quod</span> <span class='ocrx_word' id='word_1_155' title='bbox 786 3134 958 3212; x_wconf 81' lang='lat' dir='ltr'>superabat</span> <span class='ocrx_word' id='word_1_156' title='bbox 981 3141 1062 3192; x_wconf 83' lang='lat' dir='ltr'>erat.</span> 
     </span>
    </p>

    <p class='ocr_par' dir='ltr' id='par_1_14' title="bbox 123 3224 1245 3417">
     <span class='ocr_line' id='line_1_26' title="bbox 123 3224 1245 3310; baseline 0.002 -20"><span class='ocrx_word' id='word_1_157' title='bbox 123 3224 262 3290; x_wconf 79' lang='lat' dir='ltr'>Viderat</span> <span class='ocrx_word' id='word_1_158' title='bbox 284 3227 479 3310; x_wconf 80' lang='lat' dir='ltr'>agricolam,</span> <span class='ocrx_word' id='word_1_159' title='bbox 504 3250 580 3291; x_wconf 85' lang='lat' dir='ltr'>cava</span> <span class='ocrx_word' id='word_1_160' title='bbox 603 3229 655 3292; x_wconf 91' lang='lat' dir='ltr'>eni</span> <span class='ocrx_word' id='word_1_161' title='bbox 677 3252 786 3306; x_wconf 79' lang='lat' dir='ltr'>maurus</span> <span class='ocrx_word' id='word_1_162' title='bbox 809 3233 956 3294; x_wconf 85' lang='lat' dir='ltr'>hauserat</span> <span class='ocrx_word' id='word_1_163' title='bbox 978 3234 1112 3304; x_wconf 81' lang='lat' dir='ltr'>trudam,</span> <span class='ocrx_word' id='word_1_164' title='bbox 1225 3228 1245 3292; x_wconf 82' lang='lat'>5</span> 
     </span>
     <span class='ocr_line' id='line_1_27' title="bbox 189 3329 1084 3417; baseline 0.004 -27"><span class='ocrx_word' id='word_1_165' title='bbox 189 3329 322 3412; x_wconf 82' lang='lat' dir='ltr'>Teque,</span> <span class='ocrx_word' id='word_1_166' title='bbox 348 3329 409 3407; x_wconf 86' lang='lat' dir='ltr'>ait,</span> <span class='ocrx_word' id='word_1_167' title='bbox 434 3331 510 3394; x_wconf 80' lang='lat' dir='ltr'>heus</span> <span class='ocrx_word' id='word_1_168' title='bbox 533 3330 653 3394; x_wconf 77' lang='lat' dir='ltr'>frustra</span> <span class='ocrx_word' id='word_1_169' title='bbox 675 3353 732 3395; x_wconf 91' lang='lat' dir='ltr'>cnr</span> <span class='ocrx_word' id='word_1_170' title='bbox 755 3354 837 3417; x_wconf 85' lang='lat' dir='ltr'>ego,</span> <span class='ocrx_word' id='word_1_171' title='bbox 852 3337 960 3409; x_wconf 77' lang='lat' dir='ltr'>testa,</span> <span class='ocrx_word' id='word_1_172' title='bbox 984 3331 1084 3396; x_wconf 79' lang='lat' dir='ltr'>sero?</span> 
     </span>
    </p>
   </div>
   <div class='ocr_carea' id='block_1_8' title="bbox 659 3471 713 3534">
    <p class='ocr_par' dir='ltr' id='par_1_15' title="bbox 659 3471 713 3534">
     <span class='ocr_line' id='line_1_28' title="bbox 659 3471 713 3534; baseline 0 -1"><span class='ocrx_word' id='word_1_173' title='bbox 659 3471 713 3534; x_wconf 83' lang='lat'>91.</span> 
     </span>
    </p>
   </div>
   <div class='ocr_carea' id='block_1_9' title="bbox 0 2695 3 3403">
    <p class='ocr_par' dir='ltr' id='par_1_16' title="bbox 0 2695 3 3403">
     <span class='ocr_line' id='line_1_29' title="bbox 0 2695 3 3403; baseline 0 0"><span class='ocrx_word' id='word_1_174' title='bbox 0 2695 3 3403; x_wconf 95' lang='lat' dir='ltr'> </span> 
     </span>
    </p>
   </div>
   <div class='ocr_carea' id='block_1_10' title="bbox 123 3583 1062 3971">
    <p class='ocr_par' dir='ltr' id='par_1_17' title="bbox 123 3583 1062 3772">
     <span class='ocr_line' id='line_1_30' title="bbox 123 3583 1062 3678; baseline 0.002 -25"><span class='ocrx_word' id='word_1_175' title='bbox 123 3589 213 3653; x_wconf 87' lang='lat' dir='ltr'>Aera</span> <span class='ocrx_word' id='word_1_176' title='bbox 237 3585 303 3651; x_wconf 90' lang='lat' dir='ltr'>dies</span> <span class='ocrx_word' id='word_1_177' title='bbox 325 3589 446 3670; x_wconf 81' lang='lat' dir='ltr'>perdit:</span> <span class='ocrx_word' id='word_1_178' title='bbox 463 3592 525 3653; x_wconf 81' lang='lat' dir='ltr'>sed</span> <span class='ocrx_word' id='word_1_179' title='bbox 547 3610 661 3654; x_wconf 87' lang='lat' dir='ltr'>nomen</span> <span class='ocrx_word' id='word_1_180' title='bbox 685 3591 804 3672; x_wconf 84' lang='lat' dir='ltr'>grande</span> <span class='ocrx_word' id='word_1_181' title='bbox 826 3592 1022 3678; x_wconf 58' lang='lat' dir='ltr'>decusque„</span> <span class='ocrx_word' id='word_1_182' title='bbox 1059 3583 1062 3588; x_wconf 46' lang='lat'>¹</span> 
     </span>
     <span class='ocr_line' id='line_1_31' title="bbox 187 3689 867 3772; baseline 0.004 -20"><span class='ocrx_word' id='word_1_183' title='bbox 187 3689 375 3772; x_wconf 86' lang='lat' dir='ltr'>Diogenes,</span> <span class='ocrx_word' id='word_1_184' title='bbox 401 3691 538 3754; x_wconf 91' lang='lat' dir='ltr'>adiment</span> <span class='ocrx_word' id='word_1_185' title='bbox 560 3694 666 3756; x_wconf 74' lang='lat' dir='ltr'>secuda</span> <span class='ocrx_word' id='word_1_186' title='bbox 689 3691 773 3754; x_wconf 87' lang='lat' dir='ltr'>ntdla</span> <span class='ocrx_word' id='word_1_187' title='bbox 796 3693 867 3755; x_wconf 87' lang='lat' dir='ltr'>tibi.</span> 
     </span>
    </p>

    <p class='ocr_par' dir='ltr' id='par_1_18' title="bbox 124 3785 963 3971">
     <span class='ocr_line' id='line_1_32' title="bbox 124 3785 963 3875; baseline 0.002 -21"><span class='ocrx_word' id='word_1_188' title='bbox 124 3789 286 3854; x_wconf 87' lang='lat' dir='ltr'>Mortales</span> <span class='ocrx_word' id='word_1_189' title='bbox 309 3802 343 3854; x_wconf 91' lang='lat' dir='ltr'>tu</span> <span class='ocrx_word' id='word_1_190' title='bbox 365 3814 498 3874; x_wconf 83' lang='lat' dir='ltr'>namque</span> <span class='ocrx_word' id='word_1_191' title='bbox 520 3795 636 3868; x_wconf 86' lang='lat' dir='ltr'>doces,</span> <span class='ocrx_word' id='word_1_192' title='bbox 660 3794 736 3856; x_wconf 84' lang='lat' dir='ltr'>satis</span> <span class='ocrx_word' id='word_1_193' title='bbox 759 3785 963 3875; x_wconf 47' lang='lat' dir='ltr'>esse‘putare</span> 
     </span>
     <span class='ocr_line' id='line_1_33' title="bbox 189 3890 906 3971; baseline 0.008 -18"><span class='ocrx_word' id='word_1_194' title='bbox 189 3890 286 3971; x_wconf 86' lang='lat' dir='ltr'>Quod</span> <span class='ocrx_word' id='word_1_195' title='bbox 307 3892 384 3956; x_wconf 85' lang='lat' dir='ltr'>satis</span> <span class='ocrx_word' id='word_1_196' title='bbox 406 3904 437 3957; x_wconf 88' lang='lat' dir='ltr'>et</span> <span class='ocrx_word' id='word_1_197' title='bbox 461 3894 543 3957; x_wconf 88' lang='lat' dir='ltr'>vitae</span> <span class='ocrx_word' id='word_1_198' title='bbox 564 3915 627 3958; x_wconf 89' lang='lat' dir='ltr'>non</span> <span class='ocrx_word' id='word_1_199' title='bbox 651 3916 787 3960; x_wconf 85' lang='lat' dir='ltr'>onerare</span> <span class='ocrx_word' id='word_1_200' title='bbox 811 3895 906 3959; x_wconf 87' lang='lat' dir='ltr'>viam.</span> 
     </span>
    </p>
   </div>
   <div class='ocr_carea' id='block_1_11' title="bbox 0 2695 3 3788">
    <p class='ocr_par' dir='ltr' id='par_1_19' title="bbox 0 2695 3 3788">
     <span class='ocr_line' id='line_1_34' title="bbox 0 2695 3 3788; baseline 0 0"><span class='ocrx_word' id='word_1_201' title='bbox 0 2695 3 3788; x_wconf 95' lang='lat' dir='ltr'> </span> 
     </span>
    </p>
   </div>
   <div class='ocr_carea' id='block_1_12' title="bbox 658 4034 711 4097">
    <p class='ocr_par' dir='ltr' id='par_1_20' title="bbox 658 4034 711 4097">
     <span class='ocr_line' id='line_1_35' title="bbox 658 4034 711 4097; baseline -0.038 0"><span class='ocrx_word' id='word_1_202' title='bbox 658 4034 711 4097; x_wconf 77' lang='lat'>92.</span> 
     </span>
    </p>
   </div>
   <div class='ocr_carea' id='block_1_13' title="bbox 125 4147 1032 4348">
    <p class='ocr_par' dir='ltr' id='par_1_21' title="bbox 125 4147 1032 4348">
     <span class='ocr_line' id='line_1_36' title="bbox 125 4147 1032 4237; baseline 0.006 -25"><span class='ocrx_word' id='word_1_203' title='bbox 125 4147 229 4222; x_wconf 85' lang='lat' dir='ltr'>Risit,</span> <span class='ocrx_word' id='word_1_204' title='bbox 254 4160 289 4212; x_wconf 90' lang='lat' dir='ltr'>ut</span> <span class='ocrx_word' id='word_1_205' title='bbox 310 4149 441 4214; x_wconf 74' lang='lat' dir='ltr'>infernis</span> <span class='ocrx_word' id='word_1_206' title='bbox 465 4150 623 4218; x_wconf 90' lang='lat' dir='ltr'>Croesum</span> <span class='ocrx_word' id='word_1_207' title='bbox 647 4154 816 4237; x_wconf 87' lang='lat' dir='ltr'>conspexit</span> <span class='ocrx_word' id='word_1_208' title='bbox 839 4152 870 4218; x_wconf 90' lang='lat' dir='ltr'>in</span> <span class='ocrx_word' id='word_1_209' title='bbox 894 4156 1032 4236; x_wconf 81' lang='lat' dir='ltr'>undnis,</span> 
     </span>
     <span class='ocr_line' id='line_1_37' title="bbox 190 4250 973 4348; baseline 0.009 -34"><span class='ocrx_word' id='word_1_210' title='bbox 190 4250 347 4314; x_wconf 83' lang='lat' dir='ltr'>Nimirum</span> <span class='ocrx_word' id='word_1_211' title='bbox 371 4253 495 4336; x_wconf 85' lang='lat' dir='ltr'>sapiens</span> <span class='ocrx_word' id='word_1_212' title='bbox 520 4267 595 4319; x_wconf 88' lang='lat' dir='ltr'>tunc</span> <span class='ocrx_word' id='word_1_213' title='bbox 617 4278 776 4348; x_wconf 79' lang='lat' dir='ltr'>qnoque,</span> <span class='ocrx_word' id='word_1_214' title='bbox 791 4256 973 4341; x_wconf 87' lang='lat' dir='ltr'>Diogenes,</span> 
     </span>
    </p>
   </div>
   <div class='ocr_carea' id='block_1_14' title="bbox 0 0 1485 4820">
    <p class='ocr_par' dir='ltr' id='par_1_22' title="bbox 0 0 1485 4820">
     <span class='ocr_line' id='line_1_38' title="bbox 0 0 1485 4820; baseline 0 0"><span class='ocrx_word' id='word_1_215' title='bbox 0 0 1485 4820; x_wconf 95' lang='lat' dir='ltr'> </span> 
     </span>
    </p>
   </div>
  </div>
 </body>
</html>
