<?xml version="1.0" encoding="UTF-8"?>
<!DOCTYPE html PUBLIC "-//W3C//DTD XHTML 1.0 Transitional//EN"
    "http://www.w3.org/TR/xhtml1/DTD/xhtml1-transitional.dtd">
<html xmlns="http://www.w3.org/1999/xhtml" xml:lang="en" lang="en">
 <head>
  <title>
</title>
<meta http-equiv="Content-Type" content="text/html;charset=utf-8" />
  <meta name='ocr-system' content='tesseract 3.04.00' />
  <meta name='ocr-capabilities' content='ocr_page ocr_carea ocr_par ocr_line ocrx_word'/>
</head>
<body>
  <div class='ocr_page' id='page_1' title='image "./eclogaepoetarum01orelgoog_0026.png"; bbox 0 0 2952 4826; ppageno 0'>
   <div class='ocr_carea' id='block_1_1' title="bbox 116 344 1228 741">
    <p class='ocr_par' dir='ltr' id='par_1_1' title="bbox 116 344 811 437">
     <span class='ocr_line' id='line_1_1' title="bbox 116 344 811 437; baseline -0.02 -14"><span class='ocrx_word' id='word_1_1' title='bbox 116 359 192 423; x_wconf 91' lang='lat' dir='ltr'><strong>Non</strong></span> <span class='ocrx_word' id='word_1_2' title='bbox 213 353 295 420; x_wconf 90' lang='lat' dir='ltr'><strong>radii</strong></span> <span class='ocrx_word' id='word_1_3' title='bbox 316 351 395 418; x_wconf 92' lang='lat' dir='ltr'><strong>solis</strong></span> <span class='ocrx_word' id='word_1_4' title='bbox 414 372 517 437; x_wconf 87' lang='lat' dir='ltr'><strong>neque</strong></span> <span class='ocrx_word' id='word_1_5' title='bbox 538 346 646 412; x_wconf 88' lang='lat' dir='ltr'><strong>lucida</strong></span> <span class='ocrx_word' id='word_1_6' title='bbox 665 345 729 412; x_wconf 87' lang='lat' dir='ltr'><strong>tela</strong></span> <span class='ocrx_word' id='word_1_7' title='bbox 748 344 811 414; x_wconf 86' lang='lat' dir='ltr'><strong>diei</strong></span> 
     </span>
    </p>

    <p class='ocr_par' dir='ltr' id='par_1_2' title="bbox 116 447 870 534">
     <span class='ocr_line' id='line_1_2' title="bbox 116 447 870 534; baseline -0.016 -8"><span class='ocrx_word' id='word_1_8' title='bbox 116 457 312 532; x_wconf 89' lang='lat' dir='ltr'><strong>Discutiant,</strong></span> <span class='ocrx_word' id='word_1_9' title='bbox 335 457 390 520; x_wconf 89' lang='lat' dir='ltr'><strong>sed</strong></span> <span class='ocrx_word' id='word_1_10' title='bbox 407 464 538 517; x_wconf 89' lang='lat' dir='ltr'><strong>naturae</strong></span> <span class='ocrx_word' id='word_1_11' title='bbox 556 448 682 534; x_wconf 87' lang='lat' dir='ltr'><strong>species</strong></span> <span class='ocrx_word' id='word_1_12' title='bbox 702 447 870 533; x_wconf 79' lang='lat' dir='ltr'><strong>ratioque:</strong></span> 
     </span>
    </p>

    <p class='ocr_par' dir='ltr' id='par_1_3' title="bbox 118 547 1228 741">
     <span class='ocr_line' id='line_1_3' title="bbox 118 547 1228 644; baseline -0.017 -17"><span class='ocrx_word' id='word_1_13' title='bbox 118 560 240 644; x_wconf 84' lang='lat' dir='ltr'>Quoius</span> <span class='ocrx_word' id='word_1_14' title='bbox 261 555 455 644; x_wconf 89' lang='lat' dir='ltr'><strong>principium</strong></span> <span class='ocrx_word' id='word_1_15' title='bbox 476 554 552 618; x_wconf 90' lang='lat' dir='ltr'><strong>hino</strong></span> <span class='ocrx_word' id='word_1_16' title='bbox 572 551 667 618; x_wconf 91' lang='lat' dir='ltr'><strong>nobis</strong></span> <span class='ocrx_word' id='word_1_17' title='bbox 687 551 822 616; x_wconf 86' lang='lat' dir='ltr'><strong>exordia</strong></span> <span class='ocrx_word' id='word_1_18' title='bbox 843 561 957 625; x_wconf 88' lang='lat' dir='ltr'><strong>sumet,</strong></span> <span class='ocrx_word' id='word_1_19' title='bbox 1167 547 1228 610; x_wconf 82' lang='grc'><strong>150</strong></span> 
     </span>
     <span class='ocr_line' id='line_1_4' title="bbox 118 653 952 741; baseline -0.018 -11"><span class='ocrx_word' id='word_1_20' title='bbox 118 663 244 730; x_wconf 85' lang='lat' dir='ltr'>Nullam</span> <span class='ocrx_word' id='word_1_21' title='bbox 263 683 330 725; x_wconf 90' lang='lat' dir='ltr'><strong>rem</strong></span> <span class='ocrx_word' id='word_1_22' title='bbox 351 683 369 724; x_wconf 91' lang='lat' dir='ltr'><strong>e</strong></span> <span class='ocrx_word' id='word_1_23' title='bbox 391 656 492 722; x_wconf 89' lang='lat' dir='ltr'>nihilo</span> <span class='ocrx_word' id='word_1_24' title='bbox 516 653 607 741; x_wconf 85' lang='lat' dir='ltr'><strong>gigni</strong></span> <span class='ocrx_word' id='word_1_25' title='bbox 628 653 782 718; x_wconf 81' lang='lat' dir='ltr'><strong>&#39;divinitus</strong></span> <span class='ocrx_word' id='word_1_26' title='bbox 803 674 952 739; x_wconf 90' lang='lat' dir='ltr'><strong>unquam.</strong></span> 
     </span>
    </p>
   </div>
   <div class='ocr_carea' id='block_1_2' title="bbox 468 823 878 889">
    <p class='ocr_par' dir='ltr' id='par_1_4' title="bbox 468 823 878 889">
     <span class='ocr_line' id='line_1_5' title="bbox 468 823 878 889; baseline -0.012 0"><span class='ocrx_word' id='word_1_27' title='bbox 468 829 546 889; x_wconf 81' lang='lat' dir='ltr'><strong>Lan.</strong></span> <span class='ocrx_word' id='word_1_28' title='bbox 570 827 601 889; x_wconf 89' lang='lat'><strong>1.</strong></span> <span class='ocrx_word' id='word_1_29' title='bbox 626 845 660 887; x_wconf 91' lang='lat' dir='ltr'><strong>v.</strong></span> <span class='ocrx_word' id='word_1_30' title='bbox 686 823 878 888; x_wconf 81' lang='grc'><strong>700-719.</strong></span> 
     </span>
    </p>
   </div>
   <div class='ocr_carea' id='block_1_3' title="bbox 27 944 1010 1242">
    <p class='ocr_par' dir='ltr' id='par_1_5' title="bbox 27 944 1010 1242">
     <span class='ocr_line' id='line_1_6' title="bbox 121 944 1010 1036; baseline -0.015 -19"><span class='ocrx_word' id='word_1_31' title='bbox 121 955 343 1036; x_wconf 84' lang='lat' dir='ltr'><strong>Quapropter,</strong></span> <span class='ocrx_word' id='word_1_32' title='bbox 366 947 440 1035; x_wconf 91' lang='lat' dir='ltr'><strong>quei</strong></span> <span class='ocrx_word' id='word_1_33' title='bbox 461 944 624 1010; x_wconf 80' lang='lat' dir='ltr'><strong>materiem</strong></span> <span class='ocrx_word' id='word_1_34' title='bbox 643 965 752 1008; x_wconf 90' lang='lat' dir='ltr'><strong>rerum</strong></span> <span class='ocrx_word' id='word_1_35' title='bbox 772 964 840 1008; x_wconf 88' lang='lat' dir='ltr'><strong>esse</strong></span> <span class='ocrx_word' id='word_1_36' title='bbox 859 952 1010 1026; x_wconf 88' lang='lat' dir='ltr'><strong>putarunt</strong></span> 
     </span>
     <span class='ocr_line' id='line_1_7' title="bbox 119 1045 997 1141; baseline -0.013 -21"><span class='ocrx_word' id='word_1_37' title='bbox 119 1059 230 1141; x_wconf 84' lang='lat' dir='ltr'><strong>Ignem</strong></span> <span class='ocrx_word' id='word_1_38' title='bbox 249 1065 343 1139; x_wconf 90' lang='lat' dir='ltr'><strong>atque</strong></span> <span class='ocrx_word' id='word_1_39' title='bbox 363 1074 404 1115; x_wconf 86' lang='lat' dir='ltr'><strong>ex</strong></span> <span class='ocrx_word' id='word_1_40' title='bbox 423 1049 493 1136; x_wconf 86' lang='lat' dir='ltr'>igni</span> <span class='ocrx_word' id='word_1_41' title='bbox 514 1068 665 1112; x_wconf 92' lang='lat' dir='ltr'><strong>summam</strong></span> <span class='ocrx_word' id='word_1_42' title='bbox 686 1045 863 1112; x_wconf 84' lang='lat' dir='ltr'><strong>consistere</strong></span> <span class='ocrx_word' id='word_1_43' title='bbox 883 1065 997 1129; x_wconf 87' lang='lat' dir='ltr'><strong>posse;</strong></span> 
     </span>
     <span class='ocr_line' id='line_1_8' title="bbox 27 1149 874 1242; baseline -0.013 -19"><span class='ocrx_word' id='word_1_44' title='bbox 27 1203 28 1206; x_wconf 55' lang='lat'><em>=</em></span> <span class='ocrx_word' id='word_1_45' title='bbox 121 1161 164 1222; x_wconf 89' lang='lat' dir='ltr'><strong>Et</strong></span> <span class='ocrx_word' id='word_1_46' title='bbox 180 1156 254 1242; x_wconf 91' lang='lat' dir='ltr'><strong>quei</strong></span> <span class='ocrx_word' id='word_1_47' title='bbox 272 1152 465 1238; x_wconf 88' lang='lat' dir='ltr'><strong>principium</strong></span> <span class='ocrx_word' id='word_1_48' title='bbox 488 1149 661 1236; x_wconf 83' lang='lat' dir='ltr'><strong>gignundis</strong></span> <span class='ocrx_word' id='word_1_49' title='bbox 682 1152 758 1211; x_wconf 68' lang='lat' dir='ltr'><strong>adra</strong></span> <span class='ocrx_word' id='word_1_50' title='bbox 779 1150 874 1212; x_wconf 90' lang='lat' dir='ltr'><strong>rebus</strong></span> 
     </span>
    </p>
   </div>
   <div class='ocr_carea' id='block_1_4' title="bbox 27 1251 1032 1337">
    <p class='ocr_par' dir='ltr' id='par_1_6' title="bbox 27 1251 1032 1337">
     <span class='ocr_line' id='line_1_9' title="bbox 27 1251 1032 1337; baseline -0.018 -8"><span class='ocrx_word' id='word_1_51' title='bbox 27 1287 28 1292; x_wconf 50' lang='lat'>¹</span> <span class='ocrx_word' id='word_1_52' title='bbox 122 1259 342 1333; x_wconf 91' lang='lat' dir='ltr'><strong>Constituere;</strong></span> <span class='ocrx_word' id='word_1_53' title='bbox 366 1267 418 1320; x_wconf 87' lang='lat' dir='ltr'><strong>aut</strong></span> <span class='ocrx_word' id='word_1_54' title='bbox 438 1258 605 1319; x_wconf 91' lang='lat' dir='ltr'><strong>humorem</strong></span> <span class='ocrx_word' id='word_1_55' title='bbox 628 1251 1032 1337; x_wconf 72' lang='lat' dir='ltr'><strong>queiquomque‘putarnnt</strong></span> 
     </span>
    </p>
   </div>
   <div class='ocr_carea' id='block_1_5' title="bbox 27 1352 1233 2364">
    <p class='ocr_par' dir='ltr' id='par_1_7' title="bbox 27 1352 1233 1531">
     <span class='ocr_line' id='line_1_10' title="bbox 27 1352 1233 1446; baseline -0.013 -18"><span class='ocrx_word' id='word_1_56' title='bbox 27 1367 28 1410; x_wconf 66' lang='grc' dir='ltr'>ἶ</span> <span class='ocrx_word' id='word_1_57' title='bbox 121 1364 263 1446; x_wconf 87' lang='lat' dir='ltr'><strong>Fingere</strong></span> <span class='ocrx_word' id='word_1_58' title='bbox 284 1383 336 1424; x_wconf 87' lang='lat' dir='ltr'><strong>res</strong></span> <span class='ocrx_word' id='word_1_59' title='bbox 357 1359 458 1443; x_wconf 90' lang='lat' dir='ltr'><strong>ipsum</strong></span> <span class='ocrx_word' id='word_1_60' title='bbox 482 1378 542 1439; x_wconf 88' lang='lat' dir='ltr'><strong>per</strong></span> <span class='ocrx_word' id='word_1_61' title='bbox 565 1367 614 1430; x_wconf 68' lang='lat' dir='ltr'><strong>se}</strong></span> <span class='ocrx_word' id='word_1_62' title='bbox 637 1365 797 1417; x_wconf 82' lang='lat' dir='ltr'><strong>terramve</strong></span> <span class='ocrx_word' id='word_1_63' title='bbox 816 1374 927 1417; x_wconf 89' lang='lat' dir='ltr'><strong>creare</strong></span> <span class='ocrx_word' id='word_1_64' title='bbox 1172 1352 1233 1414; x_wconf 91' lang='grc'><strong>710</strong></span> 
     </span>
     <span class='ocr_line' id='line_1_11' title="bbox 122 1454 925 1531; baseline -0.014 -2"><span class='ocrx_word' id='word_1_65' title='bbox 122 1464 238 1531; x_wconf 91' lang='lat' dir='ltr'><strong>Omnia</strong></span> <span class='ocrx_word' id='word_1_66' title='bbox 257 1474 289 1526; x_wconf 92' lang='lat' dir='ltr'><strong>et</strong></span> <span class='ocrx_word' id='word_1_67' title='bbox 307 1462 340 1524; x_wconf 93' lang='lat' dir='ltr'><strong>in</strong></span> <span class='ocrx_word' id='word_1_68' title='bbox 361 1483 468 1524; x_wconf 89' lang='lat' dir='ltr'><strong>rernm</strong></span> <span class='ocrx_word' id='word_1_69' title='bbox 491 1471 618 1522; x_wconf 88' lang='lat' dir='ltr'><strong>naturas</strong></span> <span class='ocrx_word' id='word_1_70' title='bbox 640 1455 766 1521; x_wconf 89' lang='lat' dir='ltr'><strong>vortier</strong></span> <span class='ocrx_word' id='word_1_71' title='bbox 786 1454 925 1521; x_wconf 88' lang='lat' dir='ltr'><strong>omneis:</strong></span> 
     </span>
    </p>

    <p class='ocr_par' dir='ltr' id='par_1_8' title="bbox 124 1556 980 1650">
     <span class='ocr_line' id='line_1_12' title="bbox 124 1556 980 1650; baseline -0.013 -18"><span class='ocrx_word' id='word_1_72' title='bbox 124 1569 252 1650; x_wconf 88' lang='lat' dir='ltr'><strong>Magno</strong></span> <span class='ocrx_word' id='word_1_73' title='bbox 276 1584 408 1647; x_wconf 88' lang='lat' dir='ltr'><strong>operea</strong></span> <span class='ocrx_word' id='word_1_74' title='bbox 431 1583 510 1626; x_wconf 91' lang='lat' dir='ltr'><strong>vero</strong></span> <span class='ocrx_word' id='word_1_75' title='bbox 529 1561 627 1646; x_wconf 88' lang='lat' dir='ltr'><strong>longe</strong></span> <span class='ocrx_word' id='word_1_76' title='bbox 650 1560 796 1622; x_wconf 72' lang='lat' dir='ltr'><strong>derrasse</strong></span> <span class='ocrx_word' id='word_1_77' title='bbox 819 1556 980 1623; x_wconf 86' lang='lat' dir='ltr'><strong>videntur.</strong></span> 
     </span>
    </p>

    <p class='ocr_par' dir='ltr' id='par_1_9' title="bbox 124 1659 1043 1751">
     <span class='ocr_line' id='line_1_13' title="bbox 124 1659 1043 1751; baseline -0.011 -17"><span class='ocrx_word' id='word_1_78' title='bbox 124 1672 218 1734; x_wconf 83' lang='lat' dir='ltr'><strong>Adde</strong></span> <span class='ocrx_word' id='word_1_79' title='bbox 240 1666 352 1742; x_wconf 87' lang='lat' dir='ltr'><strong>etiam,</strong></span> <span class='ocrx_word' id='word_1_80' title='bbox 380 1665 454 1751; x_wconf 89' lang='lat' dir='ltr'><strong>quei</strong></span> <span class='ocrx_word' id='word_1_81' title='bbox 476 1661 702 1746; x_wconf 87' lang='lat' dir='ltr'><strong>conduplicant</strong></span> <span class='ocrx_word' id='word_1_82' title='bbox 723 1659 902 1743; x_wconf 88' lang='lat' dir='ltr'><strong>primordia</strong></span> <span class='ocrx_word' id='word_1_83' title='bbox 919 1682 1043 1737; x_wconf 90' lang='lat' dir='ltr'><strong>rerum,</strong></span> 
     </span>
    </p>

    <p class='ocr_par' dir='ltr' id='par_1_10' title="bbox 121 1762 850 1855">
     <span class='ocr_line' id='line_1_14' title="bbox 121 1762 850 1855; baseline -0.019 -16"><span class='ocrx_word' id='word_1_84' title='bbox 121 1777 212 1840; x_wconf 81' lang='lat' dir='ltr'><strong>Aie‘ra</strong></span> <span class='ocrx_word' id='word_1_85' title='bbox 232 1770 397 1855; x_wconf 89' lang='lat' dir='ltr'><strong>iungentes</strong></span> <span class='ocrx_word' id='word_1_86' title='bbox 418 1766 487 1852; x_wconf 88' lang='lat' dir='ltr'><strong>igni</strong></span> <span class='ocrx_word' id='word_1_87' title='bbox 507 1778 688 1850; x_wconf 89' lang='lat' dir='ltr'><strong>terramque</strong></span> <span class='ocrx_word' id='word_1_88' title='bbox 710 1762 850 1849; x_wconf 88' lang='lat' dir='ltr'><strong>liquori;</strong></span> 
     </span>
    </p>

    <p class='ocr_par' dir='ltr' id='par_1_11' title="bbox 122 1865 1232 2060">
     <span class='ocr_line' id='line_1_15' title="bbox 122 1865 1232 1960; baseline -0.012 -21"><span class='ocrx_word' id='word_1_89' title='bbox 122 1879 166 1940; x_wconf 90' lang='lat' dir='ltr'><strong>Et</strong></span> <span class='ocrx_word' id='word_1_90' title='bbox 184 1873 258 1960; x_wconf 92' lang='lat' dir='ltr'><strong>quei</strong></span> <span class='ocrx_word' id='word_1_91' title='bbox 279 1882 430 1957; x_wconf 87' lang='lat' dir='ltr'><strong>quattuor</strong></span> <span class='ocrx_word' id='word_1_92' title='bbox 452 1890 493 1932; x_wconf 85' lang='lat' dir='ltr'><strong>ex</strong></span> <span class='ocrx_word' id='word_1_93' title='bbox 515 1869 611 1930; x_wconf 91' lang='lat' dir='ltr'><strong>rebus</strong></span> <span class='ocrx_word' id='word_1_94' title='bbox 632 1886 727 1948; x_wconf 89' lang='lat' dir='ltr'><strong>posse</strong></span> <span class='ocrx_word' id='word_1_95' title='bbox 753 1865 857 1930; x_wconf 90' lang='lat' dir='ltr'><strong>omnia</strong></span> <span class='ocrx_word' id='word_1_96' title='bbox 878 1877 1007 1943; x_wconf 87' lang='lat' dir='ltr'><strong>rentur,</strong></span> <span class='ocrx_word' id='word_1_97' title='bbox 1172 1867 1232 1942; x_wconf 75' lang='lat'><strong>715</strong></span> 
     </span>
     <span class='ocr_line' id='line_1_16' title="bbox 122 1967 1042 2060; baseline -0.012 -17"><span class='ocrx_word' id='word_1_98' title='bbox 122 1981 176 2043; x_wconf 87' lang='lat' dir='ltr'><strong>Ex</strong></span> <span class='ocrx_word' id='word_1_99' title='bbox 195 1973 280 2060; x_wconf 88' lang='lat' dir='ltr'><strong>igni,</strong></span> <span class='ocrx_word' id='word_1_100' title='bbox 302 1985 389 2036; x_wconf 88' lang='lat' dir='ltr'><strong>terra</strong></span> <span class='ocrx_word' id='word_1_101' title='bbox 411 1981 510 2055; x_wconf 85' lang='lat' dir='ltr'><strong>atque</strong></span> <span class='ocrx_word' id='word_1_102' title='bbox 528 1967 630 2032; x_wconf 88' lang='lat' dir='ltr'><strong>anima</strong></span> <span class='ocrx_word' id='word_1_103' title='bbox 648 1989 860 2050; x_wconf 88' lang='lat' dir='ltr'><strong>procrescere</strong></span> <span class='ocrx_word' id='word_1_104' title='bbox 881 1981 912 2033; x_wconf 91' lang='lat' dir='ltr'><strong>et</strong></span> <span class='ocrx_word' id='word_1_105' title='bbox 933 1968 1042 2032; x_wconf 88' lang='lat' dir='ltr'><strong>imbri.</strong></span> 
     </span>
    </p>

    <p class='ocr_par' dir='ltr' id='par_1_12' title="bbox 124 2069 1076 2161">
     <span class='ocr_line' id='line_1_17' title="bbox 124 2069 1076 2161; baseline -0.007 -20"><span class='ocrx_word' id='word_1_106' title='bbox 124 2081 270 2161; x_wconf 85' lang='lat' dir='ltr'><strong>Quorum</strong></span> <span class='ocrx_word' id='word_1_107' title='bbox 287 2071 531 2159; x_wconf 83' lang='lat' dir='ltr'><strong>Agragantinas</strong></span> <span class='ocrx_word' id='word_1_108' title='bbox 552 2093 623 2133; x_wconf 89' lang='lat' dir='ltr'><strong>cum</strong></span> <span class='ocrx_word' id='word_1_109' title='bbox 644 2069 758 2152; x_wconf 90' lang='lat' dir='ltr'><strong>primis</strong></span> <span class='ocrx_word' id='word_1_110' title='bbox 777 2070 993 2153; x_wconf 84' lang='lat' dir='ltr'><strong>Empedocles</strong></span> <span class='ocrx_word' id='word_1_111' title='bbox 1013 2081 1076 2146; x_wconf 89' lang='lat' dir='ltr'><strong>est,</strong></span> 
     </span>
    </p>

    <p class='ocr_par' dir='ltr' id='par_1_13' title="bbox 124 2172 995 2264">
     <span class='ocr_line' id='line_1_18' title="bbox 124 2172 995 2264; baseline -0.011 -19"><span class='ocrx_word' id='word_1_112' title='bbox 124 2181 231 2245; x_wconf 86' lang='lat' dir='ltr'><strong>Insula</strong></span> <span class='ocrx_word' id='word_1_113' title='bbox 252 2199 345 2264; x_wconf 87' lang='lat' dir='ltr'><strong>quem</strong></span> <span class='ocrx_word' id='word_1_114' title='bbox 365 2173 533 2260; x_wconf 88' lang='lat' dir='ltr'><strong>triquetris</strong></span> <span class='ocrx_word' id='word_1_115' title='bbox 553 2184 711 2237; x_wconf 89' lang='lat' dir='ltr'><strong>terrarum</strong></span> <span class='ocrx_word' id='word_1_116' title='bbox 733 2173 832 2257; x_wconf 88' lang='lat' dir='ltr'><strong>gessit</strong></span> <span class='ocrx_word' id='word_1_117' title='bbox 852 2172 886 2236; x_wconf 93' lang='lat' dir='ltr'><strong>in</strong></span> <span class='ocrx_word' id='word_1_118' title='bbox 908 2172 995 2249; x_wconf 90' lang='lat' dir='ltr'><strong>oris;</strong></span> 
     </span>
    </p>

    <p class='ocr_par' dir='ltr' id='par_1_14' title="bbox 127 2274 1033 2364">
     <span class='ocr_line' id='line_1_19' title="bbox 127 2274 1033 2364; baseline -0.007 -18"><span class='ocrx_word' id='word_1_119' title='bbox 127 2285 227 2364; x_wconf 85' lang='lat' dir='ltr'><strong>Quam</strong></span> <span class='ocrx_word' id='word_1_120' title='bbox 249 2279 374 2342; x_wconf 81' lang='lat' dir='ltr'><strong>fluitans</strong></span> <span class='ocrx_word' id='word_1_121' title='bbox 396 2277 516 2340; x_wconf 87' lang='lat' dir='ltr'><strong>circum</strong></span> <span class='ocrx_word' id='word_1_122' title='bbox 538 2274 661 2359; x_wconf 84' lang='lat' dir='ltr'><strong>magnis</strong></span> <span class='ocrx_word' id='word_1_123' title='bbox 682 2274 889 2341; x_wconf 84' lang='lat' dir='ltr'><strong>amfractibus</strong></span> <span class='ocrx_word' id='word_1_124' title='bbox 911 2297 1033 2362; x_wconf 89' lang='lat' dir='ltr'><strong>aequor</strong></span> 
     </span>
    </p>
   </div>
   <div class='ocr_carea' id='block_1_6' title="bbox 127 2376 1237 2571">
    <p class='ocr_par' dir='ltr' id='par_1_15' title="bbox 127 2376 1237 2571">
     <span class='ocr_line' id='line_1_20' title="bbox 127 2376 1237 2467; baseline -0.007 -18"><span class='ocrx_word' id='word_1_125' title='bbox 127 2383 252 2449; x_wconf 90' lang='lat' dir='ltr'><strong>Ionium</strong></span> <span class='ocrx_word' id='word_1_126' title='bbox 276 2379 397 2467; x_wconf 84' lang='lat' dir='ltr'><strong>glaucis</strong></span> <span class='ocrx_word' id='word_1_127' title='bbox 419 2377 562 2463; x_wconf 89' lang='lat' dir='ltr'><strong>aspergit</strong></span> <span class='ocrx_word' id='word_1_128' title='bbox 582 2377 670 2442; x_wconf 89' lang='lat' dir='ltr'><strong>virus</strong></span> <span class='ocrx_word' id='word_1_129' title='bbox 693 2381 733 2442; x_wconf 88' lang='lat' dir='ltr'><strong>ab</strong></span> <span class='ocrx_word' id='word_1_130' title='bbox 755 2376 865 2456; x_wconf 91' lang='lat' dir='ltr'><strong>undis,</strong></span> <span class='ocrx_word' id='word_1_131' title='bbox 1093 2414 1096 2422; x_wconf 92' lang='lat'>·</span> <span class='ocrx_word' id='word_1_132' title='bbox 1175 2381 1237 2444; x_wconf 85' lang='grc'><strong>720</strong></span> 
     </span>
     <span class='ocr_line' id='line_1_21' title="bbox 127 2480 975 2571; baseline -0.008 -20"><span class='ocrx_word' id='word_1_133' title='bbox 127 2491 340 2571; x_wconf 86' lang='lat' dir='ltr'><strong>Angustoque</strong></span> <span class='ocrx_word' id='word_1_134' title='bbox 362 2483 447 2546; x_wconf 85' lang='lat' dir='ltr'><strong>fretu</strong></span> <span class='ocrx_word' id='word_1_135' title='bbox 469 2480 617 2564; x_wconf 89' lang='lat' dir='ltr'><strong>rapidum</strong></span> <span class='ocrx_word' id='word_1_136' title='bbox 639 2503 725 2546; x_wconf 92' lang='lat' dir='ltr'><strong>mare</strong></span> <span class='ocrx_word' id='word_1_137' title='bbox 748 2481 862 2546; x_wconf 87' lang='lat' dir='ltr'><strong>dividit</strong></span> <span class='ocrx_word' id='word_1_138' title='bbox 885 2481 975 2545; x_wconf 90' lang='lat' dir='ltr'><strong>undis</strong></span> 
     </span>
    </p>
   </div>
   <div class='ocr_carea' id='block_1_7' title="bbox 125 2726 1244 4320">
    <p class='ocr_par' dir='ltr' id='par_1_16' title="bbox 125 2726 1244 4320">
     <span class='ocr_line' id='line_1_22' title="bbox 129 2726 1237 2789; baseline -0.003 -10"><span class='ocrx_word' id='word_1_139' title='bbox 129 2740 189 2779; x_wconf 83' lang='lat' dir='ltr'><strong>sunt</strong></span> <span class='ocrx_word' id='word_1_140' title='bbox 204 2731 295 2778; x_wconf 80' lang='lat' dir='ltr'><strong>Artreie</strong></span> <span class='ocrx_word' id='word_1_141' title='bbox 314 2737 338 2776; x_wconf 86' lang='lat' dir='ltr'><strong>et</strong></span> <span class='ocrx_word' id='word_1_142' title='bbox 354 2729 438 2789; x_wconf 84' lang='lat' dir='ltr'><strong>lepido</strong></span> <span class='ocrx_word' id='word_1_143' title='bbox 452 2744 514 2789; x_wconf 83' lang='lat' dir='ltr'><strong>quoe</strong></span> <span class='ocrx_word' id='word_1_144' title='bbox 535 2735 593 2774; x_wconf 82' lang='lat' dir='ltr'><strong>eunt</strong></span> <span class='ocrx_word' id='word_1_145' title='bbox 606 2726 700 2789; x_wconf 81' lang='lat' dir='ltr'><strong>streete</strong></span> <span class='ocrx_word' id='word_1_146' title='bbox 716 2743 816 2776; x_wconf 73' lang='lat' dir='ltr'><strong>sonore.</strong></span> <span class='ocrx_word' id='word_1_147' title='bbox 873 2728 932 2780; x_wconf 84' lang='grc'><strong>708.</strong></span> <span class='ocrx_word' id='word_1_148' title='bbox 962 2731 1014 2777; x_wconf 83' lang='lat' dir='ltr'><strong>Cic.</strong></span> <span class='ocrx_word' id='word_1_149' title='bbox 1034 2734 1057 2778; x_wconf 93' lang='lat' dir='ltr'><strong>iu</strong></span> <span class='ocrx_word' id='word_1_150' title='bbox 1076 2732 1176 2776; x_wconf 88' lang='lat' dir='ltr'><strong>Lucullo</strong></span> <span class='ocrx_word' id='word_1_151' title='bbox 1195 2729 1237 2778; x_wconf 83' lang='grc'><strong>37.</strong></span> 
     </span>
     <span class='ocr_line' id='line_1_23' title="bbox 129 2799 1238 2866; baseline -0.003 -17"><span class='ocrx_word' id='word_1_152' title='bbox 129 2803 251 2860; x_wconf 78' lang='lat' dir='ltr'><strong>Princeps</strong></span> <span class='ocrx_word' id='word_1_153' title='bbox 271 2799 364 2846; x_wconf 73' lang='lat' dir='ltr'><strong>Thalea</strong></span> <span class='ocrx_word' id='word_1_154' title='bbox 382 2826 392 2837; x_wconf 93' lang='lat'>-</span> <span class='ocrx_word' id='word_1_155' title='bbox 411 2825 421 2836; x_wconf 91' lang='lat'><strong>·</strong></span> <span class='ocrx_word' id='word_1_156' title='bbox 438 2815 472 2843; x_wconf 78' lang='lat' dir='ltr'><strong>ex</strong></span> <span class='ocrx_word' id='word_1_157' title='bbox 490 2814 556 2866; x_wconf 64' lang='lat' dir='ltr'><strong>uquqe</strong></span> <span class='ocrx_word' id='word_1_158' title='bbox 573 2800 642 2844; x_wconf 85' lang='lat' dir='ltr'><strong>dixit</strong></span> <span class='ocrx_word' id='word_1_159' title='bbox 657 2806 773 2845; x_wconf 76' lang='lat' dir='ltr'><strong>constare</strong></span> <span class='ocrx_word' id='word_1_160' title='bbox 792 2801 892 2856; x_wconf 85' lang='lat' dir='ltr'><strong>ornnia,</strong></span> <span class='ocrx_word' id='word_1_161' title='bbox 923 2807 950 2846; x_wconf 83' lang='lat' dir='ltr'><strong>ut</strong></span> <span class='ocrx_word' id='word_1_162' title='bbox 966 2801 1012 2846; x_wconf 80' lang='lat' dir='ltr'><strong>hoc</strong></span> <span class='ocrx_word' id='word_1_163' title='bbox 1028 2801 1238 2855; x_wconf 73' lang='lat' dir='ltr'><strong>Arruaimundro,</strong></span> 
     </span>
     <span class='ocr_line' id='line_1_24' title="bbox 125 2869 1238 2933; baseline -0.003 -15"><span class='ocrx_word' id='word_1_164' title='bbox 125 2873 246 2933; x_wconf 84' lang='lat' dir='ltr'><strong>populari</strong></span> <span class='ocrx_word' id='word_1_165' title='bbox 263 2877 287 2916; x_wconf 87' lang='lat' dir='ltr'><strong>et</strong></span> <span class='ocrx_word' id='word_1_166' title='bbox 304 2870 386 2916; x_wconf 80' lang='lat' dir='ltr'><strong>rodeli</strong></span> <span class='ocrx_word' id='word_1_167' title='bbox 398 2882 452 2924; x_wconf 81' lang='lat' dir='ltr'><strong>auo,</strong></span> <span class='ocrx_word' id='word_1_168' title='bbox 471 2870 677 2930; x_wconf 56' lang='lat' dir='ltr'><strong>nortpertum-eiu</strong></span> <span class='ocrx_word' id='word_1_169' title='bbox 694 2870 718 2915; x_wconf 81' lang='lat' dir='ltr'><strong>ia</strong></span> <span class='ocrx_word' id='word_1_170' title='bbox 735 2871 801 2914; x_wconf 88' lang='lat' dir='ltr'><strong>enim</strong></span> <span class='ocrx_word' id='word_1_171' title='bbox 812 2869 963 2932; x_wconf 81' lang='lat' dir='ltr'><strong>infinitatem</strong></span> <span class='ocrx_word' id='word_1_172' title='bbox 975 2878 1081 2920; x_wconf 78' lang='lat' dir='ltr'><strong>nutrtrne</strong></span> <span class='ocrx_word' id='word_1_173' title='bbox 1093 2871 1163 2917; x_wconf 80' lang='lat' dir='ltr'><strong>dixit</strong></span> <span class='ocrx_word' id='word_1_174' title='bbox 1173 2886 1238 2926; x_wconf 80' lang='lat' dir='ltr'><strong>esee,</strong></span> 
     </span>
     <span class='ocr_line' id='line_1_25' title="bbox 129 2939 1239 3002; baseline -0.001 -16"><span class='ocrx_word' id='word_1_175' title='bbox 129 2959 141 2986; x_wconf 88' lang='lat' dir='ltr'><strong>e</strong></span> <span class='ocrx_word' id='word_1_176' title='bbox 161 2957 208 3002; x_wconf 81' lang='lat' dir='ltr'><strong>qun</strong></span> <span class='ocrx_word' id='word_1_177' title='bbox 227 2941 312 2987; x_wconf 86' lang='lat' dir='ltr'><strong>omnin</strong></span> <span class='ocrx_word' id='word_1_178' title='bbox 329 2941 504 3000; x_wconf 78' lang='lat' dir='ltr'><strong>gignerentur.</strong></span> <span class='ocrx_word' id='word_1_179' title='bbox 542 2939 601 2984; x_wconf 80' lang='lat' dir='ltr'><strong>Post</strong></span> <span class='ocrx_word' id='word_1_180' title='bbox 624 2941 679 2984; x_wconf 79' lang='lat' dir='ltr'><strong>eiua</strong></span> <span class='ocrx_word' id='word_1_181' title='bbox 703 2939 803 2984; x_wconf 79' lang='lat' dir='ltr'><strong>auditor</strong></span> <span class='ocrx_word' id='word_1_182' title='bbox 822 2939 994 2986; x_wconf 75' lang='lat' dir='ltr'><strong>Anaximenes</strong></span> <span class='ocrx_word' id='word_1_183' title='bbox 1018 2939 1144 3002; x_wconf 81' lang='lat' dir='ltr'><strong>infinitum</strong></span> <span class='ocrx_word' id='word_1_184' title='bbox 1162 2941 1239 2995; x_wconf 75' lang='lat' dir='ltr'><strong>ui‘rn,</strong></span> 
     </span>
     <span class='ocr_line' id='line_1_26' title="bbox 130 3001 1239 3070; baseline 0 -14"><span class='ocrx_word' id='word_1_185' title='bbox 130 3037 163 3046; x_wconf 93' lang='lat'><em>-</em></span> <span class='ocrx_word' id='word_1_186' title='bbox 181 3011 344 3070; x_wconf 79' lang='lat' dir='ltr'><strong>Empedoclea</strong></span> <span class='ocrx_word' id='word_1_187' title='bbox 359 3009 419 3054; x_wconf 78' lang='lat' dir='ltr'><strong>laneo</strong></span> <span class='ocrx_word' id='word_1_188' title='bbox 434 3010 586 3068; x_wconf 75' lang='lat' dir='ltr'><strong>pervulgata</strong></span> <span class='ocrx_word' id='word_1_189' title='bbox 601 3015 624 3052; x_wconf 90' lang='lat' dir='ltr'><strong>et</strong></span> <span class='ocrx_word' id='word_1_190' title='bbox 641 3014 699 3053; x_wconf 79' lang='lat' dir='ltr'><strong>notu</strong></span> <span class='ocrx_word' id='word_1_191' title='bbox 717 3016 841 3067; x_wconf 83' lang='lat' dir='ltr'><strong>quattuor.</strong></span> <span class='ocrx_word' id='word_1_192' title='bbox 879 3011 914 3054; x_wconf 89' lang='lat' dir='ltr'><strong>lta</strong></span> <span class='ocrx_word' id='word_1_193' title='bbox 926 3011 1147 3066; x_wconf 74' lang='lat' dir='ltr'><strong>uidelicetEmped.</strong></span> <span class='ocrx_word' id='word_1_194' title='bbox 1161 3001 1239 3056; x_wconf 59' lang='lat' dir='ltr'><strong>vito.</strong></span> 
     </span>
     <span class='ocr_line' id='line_1_27' title="bbox 129 3070 1241 3148; baseline 0.004 -22"><span class='ocrx_word' id='word_1_195' title='bbox 129 3085 210 3126; x_wconf 70' lang='lat' dir='ltr'><strong>Stura</strong></span> <span class='ocrx_word' id='word_1_196' title='bbox 224 3096 248 3138; x_wconf 87' lang='lat' dir='ltr'><strong>p.</strong></span> <span class='ocrx_word' id='word_1_197' title='bbox 263 3078 323 3127; x_wconf 80' lang='grc'><strong>511.</strong></span> <span class='ocrx_word' id='word_1_198' title='bbox 361 3078 498 3146; x_wconf 79' lang='grc' dir='ltr'><strong><em>Τέσσαρα</em></strong></span> <span class='ocrx_word' id='word_1_199' title='bbox 516 3078 574 3127; x_wconf 79' lang='grc' dir='ltr'><strong>τῶν</strong></span> <span class='ocrx_word' id='word_1_200' title='bbox 591 3072 707 3128; x_wconf 81' lang='grc' dir='ltr'><strong><em>πάντων</em></strong></span> <span class='ocrx_word' id='word_1_201' title='bbox 729 3070 882 3146; x_wconf 76' lang='grc' dir='ltr'><em>ῥιζώματα</em></span> <span class='ocrx_word' id='word_1_202' title='bbox 900 3077 1016 3148; x_wconf 81' lang='grc' dir='ltr'><strong><em>πρῶτον</em></strong></span> <span class='ocrx_word' id='word_1_203' title='bbox 1034 3071 1139 3130; x_wconf 62' lang='grc' dir='ltr'><strong><em>ἄκουε</em></strong></span> <span class='ocrx_word' id='word_1_204' title='bbox 1169 3076 1241 3141; x_wconf 83' lang='grc' dir='ltr'><strong><em>Ζεὺς</em></strong></span> 
     </span>
     <span class='ocr_line' id='line_1_28' title="bbox 129 3141 1241 3221; baseline 0 -21"><span class='ocrx_word' id='word_1_205' title='bbox 129 3145 237 3221; x_wconf 79' lang='grc' dir='ltr'><strong><em>ἀργής,</em></strong></span> <span class='ocrx_word' id='word_1_206' title='bbox 266 3142 337 3219; x_wconf 84' lang='grc' dir='ltr'><strong>Ἥρη</strong></span> <span class='ocrx_word' id='word_1_207' title='bbox 366 3161 398 3197; x_wconf 85' lang='grc' dir='ltr'><strong>τε</strong></span> <span class='ocrx_word' id='word_1_208' title='bbox 426 3145 599 3216; x_wconf 76' lang='grc' dir='ltr'><strong><em>φερέσβιος,</em></strong></span> <span class='ocrx_word' id='word_1_209' title='bbox 629 3141 673 3210; x_wconf 82' lang='grc' dir='ltr'><strong>ἠδ’</strong></span> <span class='ocrx_word' id='word_1_210' title='bbox 698 3141 858 3210; x_wconf 78' lang='grc' dir='ltr'><strong><em>Ἀϊδωνεύς,</em></strong></span> <span class='ocrx_word' id='word_1_211' title='bbox 888 3147 1000 3213; x_wconf 83' lang='grc' dir='ltr'><strong><em>Νῆστις</em></strong></span> <span class='ocrx_word' id='word_1_212' title='bbox 1017 3145 1042 3198; x_wconf 58' lang='grc' dir='ltr'><strong>δ’</strong></span> <span class='ocrx_word' id='word_1_213' title='bbox 1060 3143 1081 3213; x_wconf 75' lang='grc' dir='ltr'><em>ἢ</em></span> <span class='ocrx_word' id='word_1_214' title='bbox 1101 3146 1241 3220; x_wconf 81' lang='grc' dir='ltr'><strong><em>δακρύοις</em></strong></span> 
     </span>
     <span class='ocr_line' id='line_1_29' title="bbox 130 3213 1242 3289; baseline -0.013 -10"><span class='ocrx_word' id='word_1_215' title='bbox 130 3227 226 3285; x_wconf 66' lang='grc' dir='ltr'><strong><em>τέγγει</em></strong></span> <span class='ocrx_word' id='word_1_216' title='bbox 247 3213 408 3289; x_wconf 74' lang='grc' dir='ltr'><strong><em>κρούνωμα</em></strong></span> <span class='ocrx_word' id='word_1_217' title='bbox 425 3215 572 3284; x_wconf 71' lang='grc' dir='ltr'><strong><em>βρότειον·</em></strong></span> <span class='ocrx_word' id='word_1_218' title='bbox 593 3217 652 3272; x_wconf 77' lang='lat' dir='ltr'><strong>(sive</strong></span> <span class='ocrx_word' id='word_1_219' title='bbox 666 3215 820 3286; x_wconf 75' lang='grc' dir='ltr'><strong><em>βροτοῖσιν</em></strong></span> <span class='ocrx_word' id='word_1_220' title='bbox 838 3232 867 3264; x_wconf 62' lang='grc' dir='ltr'><strong>ει</strong></span> <span class='ocrx_word' id='word_1_221' title='bbox 885 3219 974 3265; x_wconf 69' lang='lat' dir='ltr'><strong>suum</strong></span> <span class='ocrx_word' id='word_1_222' title='bbox 992 3213 1072 3281; x_wconf 73' lang='lat' dir='ltr'><strong>coni.)</strong></span> <span class='ocrx_word' id='word_1_223' title='bbox 1108 3218 1166 3266; x_wconf 77' lang='lat'><strong>710.</strong></span> <span class='ocrx_word' id='word_1_224' title='bbox 1185 3221 1242 3265; x_wconf 68' lang='lat' dir='ltr'><strong>uri-</strong></span> 
     </span>
     <span class='ocr_line' id='line_1_30' title="bbox 132 3281 1243 3352; baseline 0.003 -17"><span class='ocrx_word' id='word_1_225' title='bbox 132 3295 189 3335; x_wconf 86' lang='lat' dir='ltr'><strong>stot.</strong></span> <span class='ocrx_word' id='word_1_226' title='bbox 201 3287 340 3344; x_wconf 79' lang='lat' dir='ltr'><strong>Metapliys.</strong></span> <span class='ocrx_word' id='word_1_227' title='bbox 356 3288 385 3342; x_wconf 90' lang='lat'><strong>1,</strong></span> <span class='ocrx_word' id='word_1_228' title='bbox 400 3283 486 3333; x_wconf 80' lang='lat'><strong>3-7.</strong></span> <span class='ocrx_word' id='word_1_229' title='bbox 500 3301 524 3343; x_wconf 86' lang='lat' dir='ltr'><strong>p.</strong></span> <span class='ocrx_word' id='word_1_230' title='bbox 539 3283 598 3331; x_wconf 80' lang='grc'><strong>190.</strong></span> <span class='ocrx_word' id='word_1_231' title='bbox 619 3285 722 3331; x_wconf 74' lang='lat' dir='ltr'><strong>Casani).</strong></span> <span class='ocrx_word' id='word_1_232' title='bbox 742 3287 794 3336; x_wconf 84' lang='grc' dir='ltr'><strong>καί</strong></span> <span class='ocrx_word' id='word_1_233' title='bbox 811 3301 858 3337; x_wconf 81' lang='grc' dir='ltr'><strong>τοι</strong></span> <span class='ocrx_word' id='word_1_234' title='bbox 877 3283 926 3336; x_wconf 79' lang='grc' dir='ltr'><strong>διὰ</strong></span> <span class='ocrx_word' id='word_1_235' title='bbox 942 3287 970 3339; x_wconf 73' lang='grc' dir='ltr'><strong>τί</strong></span> <span class='ocrx_word' id='word_1_236' title='bbox 988 3290 1050 3338; x_wconf 79' lang='grc' dir='ltr'><em>ποτ’</em></span> <span class='ocrx_word' id='word_1_237' title='bbox 1068 3281 1105 3338; x_wconf 70' lang='grc' dir='ltr'><strong>ου’</strong></span> <span class='ocrx_word' id='word_1_238' title='bbox 1122 3288 1174 3338; x_wconf 76' lang='grc' dir='ltr'><strong>καὶ</strong></span> <span class='ocrx_word' id='word_1_239' title='bbox 1188 3284 1243 3352; x_wconf 81' lang='grc' dir='ltr'><strong>τὴν</strong></span> 
     </span>
     <span class='ocr_line' id='line_1_31' title="bbox 130 3348 1243 3428; baseline 0.001 -21"><span class='ocrx_word' id='word_1_240' title='bbox 130 3356 186 3424; x_wconf 76' lang='grc' dir='ltr'><strong>γῆν</strong></span> <span class='ocrx_word' id='word_1_241' title='bbox 203 3355 354 3422; x_wconf 82' lang='grc' dir='ltr'><strong><em>λέγουσιν,</em></strong></span> <span class='ocrx_word' id='word_1_242' title='bbox 382 3348 479 3425; x_wconf 76' lang='grc' dir='ltr'><strong><em>ὥσπερ</em></strong></span> <span class='ocrx_word' id='word_1_243' title='bbox 500 3354 531 3404; x_wconf 76' lang='grc' dir='ltr'><strong>οἱ</strong></span> <span class='ocrx_word' id='word_1_244' title='bbox 550 3352 653 3405; x_wconf 77' lang='grc' dir='ltr'><em>πολλοὶ</em></span> <span class='ocrx_word' id='word_1_245' title='bbox 670 3352 728 3406; x_wconf 79' lang='grc' dir='ltr'><strong>τῶν</strong></span> <span class='ocrx_word' id='word_1_246' title='bbox 748 3351 930 3426; x_wconf 56' lang='lat' dir='ltr'><strong>diripentium</strong></span> <span class='ocrx_word' id='word_1_247' title='bbox 959 3353 1056 3406; x_wconf 82' lang='grc' dir='ltr'><strong><em>πάντα</em></strong></span> <span class='ocrx_word' id='word_1_248' title='bbox 1082 3354 1139 3428; x_wconf 82' lang='grc' dir='ltr'><strong>γὰρ</strong></span> <span class='ocrx_word' id='word_1_249' title='bbox 1166 3353 1243 3408; x_wconf 76' lang='grc' dir='ltr'><strong><em>εἶναι’</em></strong></span> 
     </span>
     <span class='ocr_line' id='line_1_32' title="bbox 129 3422 1240 3491; baseline -0.005 -13"><span class='ocrx_word' id='word_1_250' title='bbox 129 3441 223 3490; x_wconf 83' lang='grc' dir='ltr'><strong><em>φασιν</em></strong></span> <span class='ocrx_word' id='word_1_251' title='bbox 233 3422 287 3491; x_wconf 79' lang='grc' dir='ltr'><strong>τὴν</strong></span> <span class='ocrx_word' id='word_1_252' title='bbox 296 3423 361 3491; x_wconf 79' lang='grc' dir='ltr'><strong>γῆν.</strong></span> <span class='ocrx_word' id='word_1_253' title='bbox 372 3426 542 3482; x_wconf 83' lang='lat' dir='ltr'><strong>Xenophanes,</strong></span> <span class='ocrx_word' id='word_1_254' title='bbox 554 3427 582 3470; x_wconf 87' lang='lat' dir='ltr'><strong>de</strong></span> <span class='ocrx_word' id='word_1_255' title='bbox 592 3425 665 3469; x_wconf 82' lang='lat' dir='ltr'><strong>rebus</strong></span> <span class='ocrx_word' id='word_1_256' title='bbox 675 3431 765 3471; x_wconf 88' lang='lat' dir='ltr'><strong>tantum</strong></span> <span class='ocrx_word' id='word_1_257' title='bbox 773 3428 929 3474; x_wconf 83' lang='lat' dir='ltr'><strong>terrestribus</strong></span> <span class='ocrx_word' id='word_1_258' title='bbox 937 3430 1020 3483; x_wconf 89' lang='lat' dir='ltr'><strong>procul</strong></span> <span class='ocrx_word' id='word_1_259' title='bbox 1028 3427 1108 3481; x_wconf 76' lang='lat' dir='ltr'><strong>dribio,</strong></span> <span class='ocrx_word' id='word_1_260' title='bbox 1121 3429 1240 3472; x_wconf 87' lang='lat' dir='ltr'><strong>asseruit:</strong></span> 
     </span>
     <span class='ocr_line' id='line_1_33' title="bbox 130 3489 1241 3565; baseline -0.005 -20"><span class='ocrx_word' id='word_1_261' title='bbox 130 3497 165 3546; x_wconf 79' lang='grc' dir='ltr'><strong>ἐκ</strong></span> <span class='ocrx_word' id='word_1_262' title='bbox 176 3495 262 3560; x_wconf 81' lang='grc' dir='ltr'><strong><em>γαίης</em></strong></span> <span class='ocrx_word' id='word_1_263' title='bbox 273 3490 444 3565; x_wconf 67' lang='lat' dir='ltr'><strong>palpandam,</strong></span> <span class='ocrx_word' id='word_1_264' title='bbox 457 3494 508 3544; x_wconf 73' lang='grc' dir='ltr'><strong>καὶ</strong></span> <span class='ocrx_word' id='word_1_265' title='bbox 517 3491 547 3555; x_wconf 81' lang='grc' dir='ltr'><strong>ἐς</strong></span> <span class='ocrx_word' id='word_1_266' title='bbox 555 3489 611 3558; x_wconf 80' lang='grc' dir='ltr'><strong>γῆν</strong></span> <span class='ocrx_word' id='word_1_267' title='bbox 623 3489 718 3545; x_wconf 78' lang='grc' dir='ltr'><strong><em>πάντα</em></strong></span> <span class='ocrx_word' id='word_1_268' title='bbox 726 3492 855 3564; x_wconf 79' lang='grc' dir='ltr'><strong><em>τελευτᾷ.</em></strong></span> <span class='ocrx_word' id='word_1_269' title='bbox 868 3511 891 3542; x_wconf 80' lang='lat' dir='ltr'><strong>v.</strong></span> <span class='ocrx_word' id='word_1_270' title='bbox 899 3497 1043 3552; x_wconf 73' lang='lat' dir='ltr'><strong>Sernssmp.</strong></span> <span class='ocrx_word' id='word_1_271' title='bbox 1052 3499 1105 3541; x_wconf 83' lang='lat' dir='ltr'><strong>adv.</strong></span> <span class='ocrx_word' id='word_1_272' title='bbox 1113 3498 1189 3541; x_wconf 77' lang='lat' dir='ltr'><strong>Math.</strong></span> <span class='ocrx_word' id='word_1_273' title='bbox 1200 3493 1241 3552; x_wconf 87' lang='lat'><strong>10,</strong></span> 
     </span>
     <span class='ocr_line' id='line_1_34' title="bbox 132 3561 1242 3626; baseline 0.002 -18"><span class='ocrx_word' id='word_1_274' title='bbox 132 3567 157 3625; x_wconf 80' lang='lat'><strong>§·</strong></span> <span class='ocrx_word' id='word_1_275' title='bbox 171 3562 230 3612; x_wconf 82' lang='lat'><strong>315.</strong></span> <span class='ocrx_word' id='word_1_276' title='bbox 268 3563 325 3610; x_wconf 92' lang='grc'><strong>712.</strong></span> <span class='ocrx_word' id='word_1_277' title='bbox 338 3566 424 3626; x_wconf 86' lang='lat' dir='ltr'><strong>longei</strong></span> <span class='ocrx_word' id='word_1_278' title='bbox 435 3566 512 3609; x_wconf 81' lang='lat' dir='ltr'><strong>Codd.</strong></span> <span class='ocrx_word' id='word_1_279' title='bbox 521 3561 545 3608; x_wconf 83' lang='grc'><strong>3.</strong></span> <span class='ocrx_word' id='word_1_280' title='bbox 556 3565 633 3608; x_wconf 66' lang='lat' dir='ltr'><strong>WAE.</strong></span> <span class='ocrx_word' id='word_1_281' title='bbox 647 3586 677 3600; x_wconf 94' lang='lat'>-</span> <span class='ocrx_word' id='word_1_282' title='bbox 686 3564 820 3610; x_wconf 71' lang='lat' dir='ltr'><strong>deerrasse</strong></span> <span class='ocrx_word' id='word_1_283' title='bbox 833 3581 901 3611; x_wconf 86' lang='lat' dir='ltr'><strong>unus.</strong></span> <span class='ocrx_word' id='word_1_284' title='bbox 921 3565 1041 3611; x_wconf 76' lang='lat' dir='ltr'><strong>derra-sec</strong></span> <span class='ocrx_word' id='word_1_285' title='bbox 1050 3567 1106 3610; x_wconf 91' lang='lat' dir='ltr'><strong>duo.</strong></span> <span class='ocrx_word' id='word_1_286' title='bbox 1125 3566 1242 3626; x_wconf 87' lang='lat' dir='ltr'><strong>longique</strong></span> 
     </span>
     <span class='ocr_line' id='line_1_35' title="bbox 131 3633 1243 3696; baseline 0.001 -17"><span class='ocrx_word' id='word_1_287' title='bbox 131 3633 253 3680; x_wconf 76' lang='lat' dir='ltr'><strong>derrasse</strong></span> <span class='ocrx_word' id='word_1_288' title='bbox 265 3647 333 3677; x_wconf 88' lang='lat' dir='ltr'><strong>nnus.</strong></span> <span class='ocrx_word' id='word_1_289' title='bbox 347 3635 440 3692; x_wconf 82' lang='lat' dir='ltr'><strong>Reliqui</strong></span> <span class='ocrx_word' id='word_1_290' title='bbox 453 3633 572 3692; x_wconf 84' lang='lat' dir='ltr'><strong>(etiamC.</strong></span> <span class='ocrx_word' id='word_1_291' title='bbox 580 3634 611 3681; x_wconf 85' lang='lat' dir='ltr'><strong>E.</strong></span> <span class='ocrx_word' id='word_1_292' title='bbox 623 3635 714 3681; x_wconf 83' lang='lat' dir='ltr'><strong>etEdd.</strong></span> <span class='ocrx_word' id='word_1_293' title='bbox 723 3633 794 3692; x_wconf 80' lang='lat' dir='ltr'><strong>vett.)</strong></span> <span class='ocrx_word' id='word_1_294' title='bbox 804 3657 837 3670; x_wconf 90' lang='lat'><strong>·-</strong></span> <span class='ocrx_word' id='word_1_295' title='bbox 848 3637 969 3696; x_wconf 82' lang='lat' dir='ltr'><strong>longeque</strong></span> <span class='ocrx_word' id='word_1_296' title='bbox 979 3648 1081 3680; x_wconf 82' lang='lat' dir='ltr'><strong>errasse</strong></span> <span class='ocrx_word' id='word_1_297' title='bbox 1091 3637 1120 3680; x_wconf 89' lang='lat' dir='ltr'><strong>H.</strong></span> <span class='ocrx_word' id='word_1_298' title='bbox 1129 3637 1175 3680; x_wconf 84' lang='lat' dir='ltr'><strong>Sed</strong></span> <span class='ocrx_word' id='word_1_299' title='bbox 1183 3636 1243 3680; x_wconf 84' lang='lat' dir='ltr'><strong>scri-</strong></span> 
     </span>
     <span class='ocr_line' id='line_1_36' title="bbox 130 3702 1244 3766; baseline 0.001 -17"><span class='ocrx_word' id='word_1_300' title='bbox 130 3705 236 3749; x_wconf 73' lang='lat' dir='ltr'><strong>bendum</strong></span> <span class='ocrx_word' id='word_1_301' title='bbox 262 3715 314 3746; x_wconf 88' lang='lat' dir='ltr'><strong>cum</strong></span> <span class='ocrx_word' id='word_1_302' title='bbox 335 3703 400 3748; x_wconf 86' lang='lat' dir='ltr'><strong>Gott.</strong></span> <span class='ocrx_word' id='word_1_303' title='bbox 424 3706 500 3764; x_wconf 84' lang='lat' dir='ltr'><strong>longe</strong></span> <span class='ocrx_word' id='word_1_304' title='bbox 523 3702 651 3748; x_wconf 76' lang='lat' dir='ltr'><strong>derrasse.</strong></span> <span class='ocrx_word' id='word_1_305' title='bbox 684 3707 750 3752; x_wconf 84' lang='lat' dir='ltr'><strong>idem</strong></span> <span class='ocrx_word' id='word_1_306' title='bbox 770 3705 841 3756; x_wconf 82' lang='lat' dir='ltr'><strong>hebet</strong></span> <span class='ocrx_word' id='word_1_307' title='bbox 858 3703 956 3766; x_wconf 78' lang='lat' dir='ltr'><strong>Magno</strong></span> <span class='ocrx_word' id='word_1_308' title='bbox 972 3719 1054 3762; x_wconf 83' lang='lat' dir='ltr'><strong>opere.</strong></span> <span class='ocrx_word' id='word_1_309' title='bbox 1109 3703 1168 3750; x_wconf 82' lang='grc'><strong>711.</strong></span> <span class='ocrx_word' id='word_1_310' title='bbox 1186 3706 1244 3766; x_wconf 85' lang='lat' dir='ltr'><strong>igni</strong></span> 
     </span>
     <span class='ocr_line' id='line_1_37' title="bbox 131 3767 1244 3844; baseline 0.004 -25"><span class='ocrx_word' id='word_1_311' title='bbox 131 3773 269 3828; x_wconf 87' lang='lat' dir='ltr'><strong>Oenopides</strong></span> <span class='ocrx_word' id='word_1_312' title='bbox 288 3770 369 3818; x_wconf 85' lang='lat' dir='ltr'><strong>Chius.</strong></span> <span class='ocrx_word' id='word_1_313' title='bbox 383 3797 415 3806; x_wconf 92' lang='lat'>-</span> <span class='ocrx_word' id='word_1_314' title='bbox 424 3774 517 3832; x_wconf 87' lang='lat' dir='ltr'><strong>liquori</strong></span> <span class='ocrx_word' id='word_1_315' title='bbox 529 3773 705 3828; x_wconf 75' lang='lat' dir='ltr'><strong>Xenophanes:</strong></span> <span class='ocrx_word' id='word_1_316' title='bbox 725 3771 765 3840; x_wconf 78' lang='grc' dir='ltr'><strong>γῆ</strong></span> <span class='ocrx_word' id='word_1_317' title='bbox 777 3774 829 3823; x_wconf 80' lang='grc' dir='ltr'><strong>καὶ</strong></span> <span class='ocrx_word' id='word_1_318' title='bbox 836 3767 914 3844; x_wconf 64' lang='grc' dir='ltr'><strong><em>ὕδωρ</em></strong></span> <span class='ocrx_word' id='word_1_319' title='bbox 925 3770 1010 3824; x_wconf 51' lang='grc' dir='ltr'>πάνθ’</span> <span class='ocrx_word' id='word_1_320' title='bbox 1019 3767 1099 3822; x_wconf 81' lang='grc' dir='ltr'><strong><em>ὅσσα</em></strong></span> <span class='ocrx_word' id='word_1_321' title='bbox 1111 3773 1244 3838; x_wconf 77' lang='grc' dir='ltr'><strong><em>γίνονται</em></strong></span> 
     </span>
     <span class='ocr_line' id='line_1_38' title="bbox 130 3837 1241 3906; baseline 0.006 -23"><span class='ocrx_word' id='word_1_322' title='bbox 130 3838 181 3906; x_wconf 74' lang='grc' dir='ltr'><strong>ἠδὲ</strong></span> <span class='ocrx_word' id='word_1_323' title='bbox 190 3837 331 3904; x_wconf 78' lang='grc' dir='ltr'><strong>φύονται.</strong></span> <span class='ocrx_word' id='word_1_324' title='bbox 342 3854 364 3887; x_wconf 79' lang='grc' dir='ltr'><strong>ν.</strong></span> <span class='ocrx_word' id='word_1_325' title='bbox 374 3841 474 3886; x_wconf 88' lang='lat' dir='ltr'><strong>Brandis</strong></span> <span class='ocrx_word' id='word_1_326' title='bbox 483 3843 651 3887; x_wconf 75' lang='lat' dir='ltr'><strong>commentatt.</strong></span> <span class='ocrx_word' id='word_1_327' title='bbox 659 3844 738 3889; x_wconf 85' lang='lat' dir='ltr'><strong>Eleat.</strong></span> <span class='ocrx_word' id='word_1_328' title='bbox 747 3858 770 3899; x_wconf 88' lang='lat' dir='ltr'><strong>p.</strong></span> <span class='ocrx_word' id='word_1_329' title='bbox 781 3840 822 3890; x_wconf 84' lang='lat'><strong>10.</strong></span> <span class='ocrx_word' id='word_1_330' title='bbox 830 3842 903 3893; x_wconf 70' lang='lat' dir='ltr'><strong>etta.</strong></span> <span class='ocrx_word' id='word_1_331' title='bbox 942 3841 1001 3889; x_wconf 88' lang='grc'><strong>718.</strong></span> <span class='ocrx_word' id='word_1_332' title='bbox 1021 3844 1122 3901; x_wconf 82' lang='lat' dir='ltr'><strong>Quintil.</strong></span> <span class='ocrx_word' id='word_1_333' title='bbox 1133 3842 1155 3898; x_wconf 89' lang='lat'><strong>1,</strong></span> <span class='ocrx_word' id='word_1_334' title='bbox 1167 3843 1191 3898; x_wconf 82' lang='lat'><strong>6,</strong></span> <span class='ocrx_word' id='word_1_335' title='bbox 1200 3842 1241 3890; x_wconf 81' lang='lat'><strong>311.</strong></span> 
     </span>
     <span class='ocr_line' id='line_1_39' title="bbox 131 3909 1243 3974; baseline 0.002 -18"><span class='ocrx_word' id='word_1_336' title='bbox 131 3909 315 3970; x_wconf 81' lang='lat' dir='ltr'><strong>Nonnunquam</strong></span> <span class='ocrx_word' id='word_1_337' title='bbox 338 3910 413 3953; x_wconf 84' lang='lat' dir='ltr'><strong>etium</strong></span> <span class='ocrx_word' id='word_1_338' title='bbox 437 3911 546 3956; x_wconf 79' lang='lat' dir='ltr'><strong>borbore</strong></span> <span class='ocrx_word' id='word_1_339' title='bbox 569 3911 599 3954; x_wconf 81' lang='lat' dir='ltr'><strong>ub</strong></span> <span class='ocrx_word' id='word_1_340' title='bbox 624 3912 762 3958; x_wconf 78' lang='lat' dir='ltr'><strong>emendetis</strong></span> <span class='ocrx_word' id='word_1_341' title='bbox 785 3919 891 3958; x_wconf 80' lang='lat' dir='ltr'><strong>conetur</strong></span> <span class='ocrx_word' id='word_1_342' title='bbox 908 3913 1052 3958; x_wconf 76' lang='lat' dir='ltr'><strong>discernere</strong></span> <span class='ocrx_word' id='word_1_343' title='bbox 1077 3914 1243 3974; x_wconf 74' lang='lat' dir='ltr'><strong>(etymologia)</strong></span> 
     </span>
     <span class='ocr_line' id='line_1_40' title="bbox 134 3979 1242 4044; baseline 0.006 -23"><span class='ocrx_word' id='word_1_344' title='bbox 134 3985 160 4022; x_wconf 91' lang='lat' dir='ltr'><strong>ut</strong></span> <span class='ocrx_word' id='word_1_345' title='bbox 177 3995 248 4038; x_wconf 87' lang='lat' dir='ltr'><strong>quum</strong></span> <span class='ocrx_word' id='word_1_346' title='bbox 268 3979 430 4038; x_wconf 87' lang='lat' dir='ltr'><strong>Triquetrum</strong></span> <span class='ocrx_word' id='word_1_347' title='bbox 448 3979 499 4024; x_wconf 84' lang='lat' dir='ltr'><strong>dici</strong></span> <span class='ocrx_word' id='word_1_348' title='bbox 515 3981 646 4036; x_wconf 80' lang='lat' dir='ltr'><strong>Siciliam,</strong></span> <span class='ocrx_word' id='word_1_349' title='bbox 665 3996 699 4026; x_wconf 87' lang='lat' dir='ltr'><strong>un</strong></span> <span class='ocrx_word' id='word_1_350' title='bbox 718 3981 886 4041; x_wconf 83' lang='lat' dir='ltr'><strong>Triquedrarn</strong></span> <span class='ocrx_word' id='word_1_351' title='bbox 901 4001 936 4016; x_wconf 86' lang='lat'><strong>-·</strong></span> <span class='ocrx_word' id='word_1_352' title='bbox 952 3989 1078 4041; x_wconf 79' lang='lat' dir='ltr'><strong>oporteat,</strong></span> <span class='ocrx_word' id='word_1_353' title='bbox 1104 3985 1242 4044; x_wconf 79' lang='lat' dir='ltr'><strong>quaeritur.</strong></span> 
     </span>
     <span class='ocr_line' id='line_1_41' title="bbox 133 4041 1243 4119; baseline 0.006 -29"><span class='ocrx_word' id='word_1_354' title='bbox 133 4047 173 4091; x_wconf 86' lang='lat' dir='ltr'><strong>ubi</strong></span> <span class='ocrx_word' id='word_1_355' title='bbox 195 4049 322 4109; x_wconf 82' lang='lat' dir='ltr'><strong>Spalding:</strong></span> <span class='ocrx_word' id='word_1_356' title='bbox 350 4047 387 4094; x_wconf 80' lang='lat' dir='ltr'><strong>At</strong></span> <span class='ocrx_word' id='word_1_357' title='bbox 406 4041 567 4119; x_wconf 71' lang='lat' dir='ltr'><strong>i&#39;tlpaeane,</strong></span> <span class='ocrx_word' id='word_1_358' title='bbox 597 4065 628 4094; x_wconf 85' lang='lat' dir='ltr'><strong>nn</strong></span> <span class='ocrx_word' id='word_1_359' title='bbox 645 4051 790 4110; x_wconf 79' lang='lat' dir='ltr'><strong>aqucdru?</strong></span> <span class='ocrx_word' id='word_1_360' title='bbox 845 4051 903 4116; x_wconf 83' lang='grc'><strong>719.</strong></span> <span class='ocrx_word' id='word_1_361' title='bbox 923 4051 960 4096; x_wconf 74' lang='lat' dir='ltr'><strong>An</strong></span> <span class='ocrx_word' id='word_1_362' title='bbox 979 4055 1071 4109; x_wconf 87' lang='lat' dir='ltr'><strong>litoris,</strong></span> <span class='ocrx_word' id='word_1_363' title='bbox 1101 4069 1130 4098; x_wconf 87' lang='lat' dir='ltr'><strong>an</strong></span> <span class='ocrx_word' id='word_1_364' title='bbox 1150 4052 1243 4100; x_wconf 77' lang='lat' dir='ltr'><strong>maris?</strong></span> 
     </span>
     <span class='ocr_line' id='line_1_42' title="bbox 131 4118 1244 4178; baseline 0.005 -18"><span class='ocrx_word' id='word_1_365' title='bbox 131 4118 211 4161; x_wconf 87' lang='lat' dir='ltr'><strong>Bentl.</strong></span> <span class='ocrx_word' id='word_1_366' title='bbox 230 4119 274 4164; x_wconf 84' lang='lat' dir='ltr'><strong>cir.</strong></span> <span class='ocrx_word' id='word_1_367' title='bbox 296 4120 405 4164; x_wconf 85' lang='lat' dir='ltr'><strong>Passow.</strong></span> <span class='ocrx_word' id='word_1_368' title='bbox 425 4121 455 4164; x_wconf 84' lang='lat' dir='ltr'><strong>ad</strong></span> <span class='ocrx_word' id='word_1_369' title='bbox 477 4121 536 4165; x_wconf 85' lang='lat' dir='ltr'><strong>Tae.</strong></span> <span class='ocrx_word' id='word_1_370' title='bbox 557 4119 641 4164; x_wconf 87' lang='lat' dir='ltr'><strong>Germ.</strong></span> <span class='ocrx_word' id='word_1_371' title='bbox 657 4118 681 4164; x_wconf 94' lang='lat'><strong>1.</strong></span> <span class='ocrx_word' id='word_1_372' title='bbox 695 4135 720 4176; x_wconf 93' lang='lat' dir='ltr'><strong>p.</strong></span> <span class='ocrx_word' id='word_1_373' title='bbox 732 4118 773 4166; x_wconf 82' lang='lat'><strong>83.</strong></span> <span class='ocrx_word' id='word_1_374' title='bbox 791 4123 819 4165; x_wconf 91' lang='lat' dir='ltr'><strong>de</strong></span> <span class='ocrx_word' id='word_1_375' title='bbox 837 4136 894 4172; x_wconf 75' lang='lat' dir='ltr'><strong>uoce</strong></span> <span class='ocrx_word' id='word_1_376' title='bbox 911 4122 999 4178; x_wconf 77' lang='lat' dir='ltr'><strong>rinus,</strong></span> <span class='ocrx_word' id='word_1_377' title='bbox 1020 4125 1086 4168; x_wconf 89' lang='lat' dir='ltr'><strong>euius</strong></span> <span class='ocrx_word' id='word_1_378' title='bbox 1105 4125 1188 4168; x_wconf 87' lang='lat' dir='ltr'><strong>eadem</strong></span> <span class='ocrx_word' id='word_1_379' title='bbox 1207 4129 1244 4168; x_wconf 86' lang='lat' dir='ltr'><strong>eet</strong></span> 
     </span>
     <span class='ocr_line' id='line_1_43' title="bbox 128 4184 1243 4252; baseline 0.004 -22"><span class='ocrx_word' id='word_1_380' title='bbox 128 4185 205 4230; x_wconf 87' lang='lat' dir='ltr'><strong>ratio.</strong></span> <span class='ocrx_word' id='word_1_381' title='bbox 235 4184 292 4233; x_wconf 87' lang='grc'><strong>720.</strong></span> <span class='ocrx_word' id='word_1_382' title='bbox 303 4189 459 4249; x_wconf 80' lang='lat' dir='ltr'><strong>aepurgitG.</strong></span> <span class='ocrx_word' id='word_1_383' title='bbox 468 4191 510 4234; x_wconf 87' lang='lat' dir='ltr'><strong>W.</strong></span> <span class='ocrx_word' id='word_1_384' title='bbox 550 4185 608 4234; x_wconf 88' lang='grc'><strong>721.</strong></span> <span class='ocrx_word' id='word_1_385' title='bbox 622 4190 653 4234; x_wconf 82' lang='grc' dir='ltr'><strong>Α.</strong></span> <span class='ocrx_word' id='word_1_386' title='bbox 662 4189 727 4236; x_wconf 86' lang='lat' dir='ltr'><strong>Gell.</strong></span> <span class='ocrx_word' id='word_1_387' title='bbox 743 4188 789 4245; x_wconf 83' lang='lat'><strong>12,</strong></span> <span class='ocrx_word' id='word_1_388' title='bbox 804 4187 846 4236; x_wconf 87' lang='grc'><strong>20.</strong></span> <span class='ocrx_word' id='word_1_389' title='bbox 860 4189 974 4238; x_wconf 76' lang='lat' dir='ltr'><strong>Ciceroni</strong></span> <span class='ocrx_word' id='word_1_390' title='bbox 985 4193 1085 4240; x_wconf 79' lang='lat' dir='ltr'><strong>mollius</strong></span> <span class='ocrx_word' id='word_1_391' title='bbox 1095 4194 1243 4252; x_wconf 77' lang='lat' dir='ltr'><strong>teretiusque</strong></span> 
     </span>
     <span class='ocr_line' id='line_1_44' title="bbox 128 4255 1240 4320; baseline 0.006 -19"><span class='ocrx_word' id='word_1_392' title='bbox 128 4258 212 4304; x_wconf 72' lang='lat' dir='ltr'><strong>risum</strong></span> <span class='ocrx_word' id='word_1_393' title='bbox 236 4262 274 4300; x_wconf 84' lang='lat' dir='ltr'><strong>eet</strong></span> <span class='ocrx_word' id='word_1_394' title='bbox 294 4257 321 4302; x_wconf 86' lang='lat' dir='ltr'><strong>in</strong></span> <span class='ocrx_word' id='word_1_395' title='bbox 339 4259 425 4318; x_wconf 85' lang='lat' dir='ltr'><strong>quinta</strong></span> <span class='ocrx_word' id='word_1_396' title='bbox 442 4261 470 4304; x_wconf 87' lang='lat' dir='ltr'><strong>in</strong></span> <span class='ocrx_word' id='word_1_397' title='bbox 489 4257 591 4304; x_wconf 87' lang='lat' dir='ltr'><strong>Verrem</strong></span> <span class='ocrx_word' id='word_1_398' title='bbox 607 4255 682 4317; x_wconf 87' lang='lat' dir='ltr'><strong>sretu</strong></span> <span class='ocrx_word' id='word_1_399' title='bbox 700 4259 811 4306; x_wconf 78' lang='lat' dir='ltr'><strong>scribere</strong></span> <span class='ocrx_word' id='word_1_400' title='bbox 829 4275 902 4320; x_wconf 81' lang='lat' dir='ltr'><strong>quum</strong></span> <span class='ocrx_word' id='word_1_401' title='bbox 913 4257 994 4320; x_wconf 85' lang='lat' dir='ltr'><strong>freto.</strong></span> <span class='ocrx_word' id='word_1_402' title='bbox 1013 4264 1050 4310; x_wconf 86' lang='lat' dir='ltr'><strong>lb.</strong></span> <span class='ocrx_word' id='word_1_403' title='bbox 1081 4263 1162 4316; x_wconf 79' lang='lat' dir='ltr'><strong>(ulnis</strong></span> <span class='ocrx_word' id='word_1_404' title='bbox 1184 4259 1240 4320; x_wconf 87' lang='lat' dir='ltr'><strong>W.)</strong></span> 
     </span>
    </p>
   </div>
   <div class='ocr_carea' id='block_1_8' title="bbox 0 0 1490 4826">
    <p class='ocr_par' dir='ltr' id='par_1_17' title="bbox 0 0 1490 4826">
     <span class='ocr_line' id='line_1_45' title="bbox 0 0 1490 4826; baseline 0 0"><span class='ocrx_word' id='word_1_405' title='bbox 0 0 1490 4826; x_wconf 95' lang='lat' dir='ltr'><strong> </strong></span> 
     </span>
    </p>
   </div>
  </div>
 </body>
</html>
