2946 4816
238 205 300 270 286

364 367 461 434 0111.
495 361 900 430 Snx.rr1.l.uca·rucrl.
923 381 1066 427 κυεην.
1090 381 1147 428 nu.
1170 383 1234 428 ru.

479 475 659 559 (iuscriptt.
683 493 782 538 arear.
806 473 913 540 ltalia.
935 474 981 538 tt.
1003 473 1118 553 1815.)

238 589 288 653 Te
309 598 398 652 tcrra
420 589 586 663 obtestor,
612 585 727 650 leviter
748 605 846 668 super
867 603 939 648 ossa
963 583 1110 668 quiescas

300 691 345 756 Et
368 699 497 753 tenerae
519 687 617 752 aetati
639 708 679 755 ne
702 686 811 773 gravis
833 701 903 752 esse
925 685 1019 753 velis.

281 851 373 915 CIV.
398 867 493 910 arura
515 867 648 912 aterna.
672 841 853 924 (Mareellii
875 843 967 928 Opp.
989 843 1095 930 epigr.
1117 844 1148 909 1.
1170 865 1206 930 p.
1229 845 1320 926 138.)

236 959 296 1024 His
319 958 444 1024 loribus
466 979 560 1022 carae
581 957 737 1023 recubant
759 955 834 1021 milri
854 955 1005 1040 coniugis
1028 975 1102 1021 oaaa

297 1062 563 1148 Exspectantque
584 1057 651 1123 auis
674 1070 708 1122 ut
730 1079 798 1122 ntea
821 1057 1034 1124 contribuam.

235 1163 372 1226 Tossiua
394 1161 451 1226 iata
474 1161 532 1225 tibi
553 1159 703 1243 promisit
723 1179 819 1241 saepe
840 1159 983 1242 petentia

297 1262 502 1342 Praestabit,
526 1263 643 1358 Manes
665 1261 693 1326 ai
714 1264 812 1328 modu
833 1260 936 1346 tangit
957 1282 1061 1326 amor.

232 1425 310 1490 CV.
353 1424 431 1489 Dte.
465 1443 625 1487 nrauraus.
666 1441 823 1485 cununrn.
853 1442 903 1484 rr.
933 1440 1075 1482 nvcvsrr
1105 1439 1140 1484 ῐ..
1171 1379 1352 1486 conrnune

389 1547 510 1590 aunon.
534 1546 650 1589 xvrnr.
683 1521 863 1605 (Inscriptt.
887 1521 996 1586 Latin.
1020 1523 1064 1586 N.
1087 1521 1198 1602 4852.)

231 1637 312 1699 linec
334 1656 398 1720 ego
421 1635 470 1699 bis
492 1638 593 1700 denos
616 1637 757 1698 nondum
781 1645 901 1696 matura
923 1656 984 1716 per
1005 1654 1107 1697 annos

296 1739 423 1802 condor
444 1739 541 1800 lruruo
565 1736 677 1800 rnultls
698 1749 773 1801 nota
796 1738 955 1800 toreVma
977 1729 1079 1800 iucls.

231 1839 358 1924 exiguo
382 1841 486 1904 Vltae
508 1837 621 1920 spello
644 1837 796 1902 lellclter
817 1848 892 1902 acto

295 1940 403 2026 clfugl
425 1941 550 2004 crlmeu
573 1941 673 2026 longa
694 1952 823 2005 senecta
846 1951 947 2004 tumn.

280 2082 373 2147 CVI.
405 2077 501 2146 Aelii
521 2079 656 2146 Sincere'
676 2079 899 2146 Sannczarii.
933 2082 975 2147 In
995 2099 1168 2163 gemmam
1189 2101 1302 2146 auam.

687 2184 803 2264 (1.1.
828 2183 894 2262 td.)

230 2293 342 2368 Haec,
367 2291 443 2358 rnilri
464 2265 546 2378 quae
567 2313 682 2358 reeens
704 2292 797 2358 iussit
817 2295 950 2358 sordere
971 2290 1162 2374 hyacinthos

293 2397 337 2458 Et
359 2395 438 2458 nitet
461 2395 603 2458 articulis
624 2393 715 2460 unica
739 2415 863 2480 genuna
886 2393 982 2470 nreis,

231 2496 332 2561 Crtirts
355 2496 386 2560 in
409 2496 530 2582 exiguo
552 2499 667 2561 ductor
688 2506 752 2560 stat
773 2495 914 2562 Troicus
935 2498 1036 2575 orbe,

293 2598 515 2683 Anchisesque
537 2620 637 2662 senex
659 2597 881 2682 Ascaniusque
902 2619 1006 2680 puers

229 2702 308 2783 Quis
331 2700 464 2764 credat?
485 2712 611 2766 veteres
633 2700 716 2765 inter
738 2699 883 2782 neglecta
905 2701 1013 2765 ruinae

293 2806 338 2867 Et
362 2804 416 2868 vili
439 2801 529 2867 latuit
551 2803 757 2885 semisepulta
779 2803 864 2866 solo.

229 2908 281 2970 Tu
305 2918 408 2968 tannen
432 2908 588 2968 obrueres
611 2925 668 2968 nec
690 2914 741 2981 te,
767 2905 933 2980 Sinuessa,
957 2905 1098 2986 pudebat

291 3007 367 3070 Hoc
389 3010 490 3070 decus·
506 3009 587 3074 heu!
608 3005 704 3070 terris
725 3006 904 3071 occuluisse
926 3007 998 3074 tuis.

137 3129 139 3136 ¹
228 3108 359 3172 Scilicet
381 3110 531 3190 Aeneaur¹
546 3118 717 3194 natumque
740 3119 927 3191 patremque
951 3119 1115 3192 gerentem

290 3210 424 3294 Ignibus
446 3222 576 3293 ereptos
599 3211 819 3295 obruet-esque
840 3209 943 3276 deos?
1311 3214 1347 3275 1⁰

226 3313 369 3376 Parcere
392 3315 569 3389 debueras,
593 3312 644 3375 eui
665 3310 725 3375 ianr
747 3313 799 3394 pia
821 3313 944 3388 flamina
967 3311 1135 3396 pepercit,
1238 3371 1245 3384 ,

289 3415 361 3478 Nec
383 3424 414 3478 te
437 3424 500 3476 tam
521 3412 610 3497 turpi
631 3413 827 3478 dedecorare
848 3425 937 3476 ncta.
1276 3479 1279 3486 ,

225 3517 272 3580 Et
293 3514 434 3579 dubitem
456 3516 638 3601 Belgasque
659 3515 748 3581 leros
769 3515 959 3601 rigidosque
980 3513 1174 3596 Britannos,

173 3677 174 3680 ,
288 3619 362 3682 Hac
384 3616 520 3693 comite,
543 3617 675 3702 ignotos
697 3629 733 3680 et.
749 3627 919 3698 penetrare
941 3615 1054 3682 sinus?

225 3719 318 3782 Haec
340 3731 387 3782 eat
408 3719 527 3783 lliacos
548 3718 650 3801 pietas
671 3729 813 3802 spectate
835 3740 895 3801 per
916 3719 1028 3804 ignes,
1305 3717 1341 3782 15

289 3821 396 3902 Quom
419 3819 522 3886 verita
544 3832 593 3884 eet
613 3820 776 3906 profugos
797 3821 924 3886 laedere
945 3823 1070 3886 flamma
1093 3824 1181 3889 deos.

348 3962 460 4027 tht.
504 3959 684 4026 Eiusdem.
726 3962 770 4027 In
790 3959 985 4044 Quintium.
1016 3963 1075 4040 (L.
1099 3963 1131 4024 1.
1154 3959 1224 4040 26.)

223 4069 322 4136 Clara
344 4069 404 4134 tibi
425 4071 538 4166 videor
559 4070 727 4156 scripsisse
748 4069 996 4156 epigrammata,
1021 4069 1146 4152 Quinti.

293 4269 346 4314 CV.
383 4267 475 4314 Patavii
494 4284 570 4326 nuper
588 4275 711 4327 repertum
729 4277 766 4317 est
783 4271 907 4329 antiqutun
927 4271 972 4315 lrcc
990 4269 1149 4316 etecslielron.
