<?xml version="1.0" encoding="UTF-8"?>
<!DOCTYPE html PUBLIC "-//W3C//DTD XHTML 1.0 Transitional//EN"
    "http://www.w3.org/TR/xhtml1/DTD/xhtml1-transitional.dtd">
<html xmlns="http://www.w3.org/1999/xhtml" xml:lang="en" lang="en">
 <head>
  <title>
</title>
<meta http-equiv="Content-Type" content="text/html;charset=utf-8" />
  <meta name='ocr-system' content='tesseract 3.04.00' />
  <meta name='ocr-capabilities' content='ocr_page ocr_carea ocr_par ocr_line ocrx_word'/>
</head>
<body>
  <div class='ocr_page' id='page_1' title='image "./eclogaepoetarum01orelgoog_0399.png"; bbox 0 0 2948 4820; ppageno 0'>
   <div class='ocr_carea' id='block_1_1' title="bbox 219 189 283 254">
    <p class='ocr_par' dir='ltr' id='par_1_1' title="bbox 219 189 283 254">
     <span class='ocr_line' id='line_1_1' title="bbox 219 189 283 254; baseline 0 0"><span class='ocrx_word' id='word_1_1' title='bbox 219 189 283 254; x_wconf 77' lang='lat'>388</span> 
     </span>
    </p>
   </div>
   <div class='ocr_carea' id='block_1_2' title="bbox 305 345 1340 636">
    <p class='ocr_par' dir='ltr' id='par_1_2' title="bbox 305 345 1340 636">
     <span class='ocr_line' id='line_1_2' title="bbox 305 345 1204 430; baseline 0 -19"><span class='ocrx_word' id='word_1_2' title='bbox 305 346 457 412; x_wconf 76' lang='lat' dir='ltr'>Salmacis</span> <span class='ocrx_word' id='word_1_3' title='bbox 478 347 510 410; x_wconf 91' lang='lat' dir='ltr'>in</span> <span class='ocrx_word' id='word_1_4' title='bbox 532 347 678 430; x_wconf 77' lang='lat' dir='ltr'><strong>lymphas</strong></span> <span class='ocrx_word' id='word_1_5' title='bbox 699 365 857 410; x_wconf 78' lang='lat' dir='ltr'>conversa</span> <span class='ocrx_word' id='word_1_6' title='bbox 880 355 945 422; x_wconf 82' lang='lat' dir='ltr'>est,</span> <span class='ocrx_word' id='word_1_7' title='bbox 971 345 1100 410; x_wconf 88' lang='lat' dir='ltr'>mollior</span> <span class='ocrx_word' id='word_1_8' title='bbox 1121 346 1204 411; x_wconf 88' lang='lat' dir='ltr'>illis:</span> 
     </span>
     <span class='ocr_line' id='line_1_3' title="bbox 392 447 980 532; baseline -0.012 -17"><span class='ocrx_word' id='word_1_9' title='bbox 392 451 537 532; x_wconf 85' lang='lat' dir='ltr'>Repente</span> <span class='ocrx_word' id='word_1_10' title='bbox 560 450 695 532; x_wconf 77' lang='lat' dir='ltr'>Daphne</span> <span class='ocrx_word' id='word_1_11' title='bbox 718 447 895 532; x_wconf 79' lang='lat' dir='ltr'><strong>germinat,</strong></span> <span class='ocrx_word' id='word_1_12' title='bbox 973 513 980 524; x_wconf 58' lang='grc'>,</span> 
     </span>
     <span class='ocr_line' id='line_1_4' title="bbox 477 549 1340 636; baseline -0.002 -20"><span class='ocrx_word' id='word_1_13' title='bbox 477 551 587 636; x_wconf 86' lang='lat' dir='ltr'>Virgo</span> <span class='ocrx_word' id='word_1_14' title='bbox 611 551 694 614; x_wconf 88' lang='lat' dir='ltr'>viret</span> <span class='ocrx_word' id='word_1_15' title='bbox 715 549 822 614; x_wconf 78' lang='lat' dir='ltr'>sotiis:</span> <span class='ocrx_word' id='word_1_16' title='bbox 1300 554 1340 616; x_wconf 86' lang='lat'>15</span> 
     </span>
    </p>
   </div>
   <div class='ocr_carea' id='block_1_3' title="bbox 307 687 1186 974">
    <p class='ocr_par' dir='ltr' id='par_1_3' title="bbox 307 687 1186 974">
     <span class='ocr_line' id='line_1_5' title="bbox 307 687 1186 755; baseline -0.001 0"><span class='ocrx_word' id='word_1_17' title='bbox 307 689 378 755; x_wconf 81' lang='lat' dir='ltr'>Vix</span> <span class='ocrx_word' id='word_1_18' title='bbox 399 701 502 754; x_wconf 86' lang='lat' dir='ltr'>laureo</span> <span class='ocrx_word' id='word_1_19' title='bbox 524 702 555 752; x_wconf 91' lang='lat' dir='ltr'>et</span> <span class='ocrx_word' id='word_1_20' title='bbox 577 689 656 752; x_wconf 88' lang='lat' dir='ltr'>rami</span> <span class='ocrx_word' id='word_1_21' title='bbox 678 689 821 752; x_wconf 81' lang='lat' dir='ltr'>manibus</span> <span class='ocrx_word' id='word_1_22' title='bbox 844 687 961 750; x_wconf 84' lang='lat' dir='ltr'>distare</span> <span class='ocrx_word' id='word_1_23' title='bbox 986 687 1146 753; x_wconf 83' lang='lat' dir='ltr'>videntur.</span> <span class='ocrx_word' id='word_1_24' title='bbox 1182 743 1186 754; x_wconf 88' lang='lat'>.</span> 
     </span>
     <span class='ocr_line' id='line_1_6' title="bbox 392 789 899 868; baseline -0.012 -11"><span class='ocrx_word' id='word_1_25' title='bbox 392 793 533 868; x_wconf 83' lang='lat' dir='ltr'><strong>Pedem,</strong></span> <span class='ocrx_word' id='word_1_26' title='bbox 559 811 683 866; x_wconf 76' lang='lat' dir='ltr'>comae,</span> <span class='ocrx_word' id='word_1_27' title='bbox 706 803 743 854; x_wconf 94' lang='lat' dir='ltr'>ut</span> <span class='ocrx_word' id='word_1_28' title='bbox 763 789 899 866; x_wconf 83' lang='lat' dir='ltr'>semina,</span> 
     </span>
     <span class='ocr_line' id='line_1_7' title="bbox 477 893 898 974; baseline -0.005 -18"><span class='ocrx_word' id='word_1_29' title='bbox 477 894 647 974; x_wconf 82' lang='lat' dir='ltr'>Quaelibet</span> <span class='ocrx_word' id='word_1_30' title='bbox 669 895 767 957; x_wconf 89' lang='lat' dir='ltr'>arbor</span> <span class='ocrx_word' id='word_1_31' title='bbox 790 893 898 955; x_wconf 88' lang='lat' dir='ltr'>hahet.</span> 
     </span>
    </p>
   </div>
   <div class='ocr_carea' id='block_1_4' title="bbox 308 1031 1344 1320">
    <p class='ocr_par' dir='ltr' id='par_1_4' title="bbox 308 1031 1344 1320">
     <span class='ocr_line' id='line_1_8' title="bbox 308 1031 1191 1118; baseline 0 -21"><span class='ocrx_word' id='word_1_32' title='bbox 308 1033 394 1116; x_wconf 86' lang='lat' dir='ltr'><strong>Quid</strong></span> <span class='ocrx_word' id='word_1_33' title='bbox 416 1032 491 1096; x_wconf 90' lang='lat' dir='ltr'>mihi</span> <span class='ocrx_word' id='word_1_34' title='bbox 513 1031 703 1118; x_wconf 85' lang='lat' dir='ltr'>contigerit,</span> <span class='ocrx_word' id='word_1_35' title='bbox 729 1053 825 1094; x_wconf 88' lang='lat' dir='ltr'>narro</span> <span class='ocrx_word' id='word_1_36' title='bbox 847 1031 1041 1096; x_wconf 79' lang='lat' dir='ltr'>lacrimabile</span> <span class='ocrx_word' id='word_1_37' title='bbox 1064 1033 1191 1098; x_wconf 83' lang='lat' dir='ltr'>ridens:</span> 
     </span>
     <span class='ocr_line' id='line_1_9' title="bbox 391 1134 1344 1217; baseline 0.001 -20"><span class='ocrx_word' id='word_1_38' title='bbox 391 1135 430 1197; x_wconf 92' lang='lat' dir='ltr'>Iu</span> <span class='ocrx_word' id='word_1_39' title='bbox 453 1135 633 1217; x_wconf 90' lang='lat' dir='ltr'>profluente</span> <span class='ocrx_word' id='word_1_40' title='bbox 655 1134 777 1216; x_wconf 85' lang='lat' dir='ltr'>perdidi</span> <span class='ocrx_word' id='word_1_41' title='bbox 1300 1139 1344 1198; x_wconf 74' lang='lat'>20</span> 
     </span>
     <span class='ocr_line' id='line_1_10' title="bbox 478 1237 848 1320; baseline -0.005 -20"><span class='ocrx_word' id='word_1_42' title='bbox 478 1237 596 1300; x_wconf 87' lang='lat' dir='ltr'>Nobile</span> <span class='ocrx_word' id='word_1_43' title='bbox 619 1258 731 1298; x_wconf 80' lang='lat' dir='ltr'>rotinus</span> <span class='ocrx_word' id='word_1_44' title='bbox 754 1256 848 1320; x_wconf 82' lang='lat' dir='ltr'>aqua.</span> 
     </span>
    </p>
   </div>
   <div class='ocr_carea' id='block_1_5' title="bbox 310 1375 1129 1664">
    <p class='ocr_par' dir='ltr' id='par_1_5' title="bbox 310 1375 1129 1664">
     <span class='ocr_line' id='line_1_11' title="bbox 310 1375 1129 1459; baseline -0.002 -19"><span class='ocrx_word' id='word_1_45' title='bbox 310 1377 439 1440; x_wconf 86' lang='lat' dir='ltr'>Stabam</span> <span class='ocrx_word' id='word_1_46' title='bbox 462 1375 605 1459; x_wconf 84' lang='lat' dir='ltr'>contigui</span> <span class='ocrx_word' id='word_1_47' title='bbox 628 1375 820 1457; x_wconf 87' lang='lat' dir='ltr'>Nymphaeo</span> <span class='ocrx_word' id='word_1_48' title='bbox 841 1395 943 1457; x_wconf 80' lang='lat' dir='ltr'>nuper</span> <span class='ocrx_word' id='word_1_49' title='bbox 966 1375 998 1439; x_wconf 91' lang='lat' dir='ltr'>in</span> <span class='ocrx_word' id='word_1_50' title='bbox 1020 1375 1129 1452; x_wconf 91' lang='lat' dir='ltr'>horti,</span> 
     </span>
     <span class='ocr_line' id='line_1_12' title="bbox 396 1475 846 1561; baseline -0.004 -19"><span class='ocrx_word' id='word_1_51' title='bbox 396 1477 460 1542; x_wconf 88' lang='lat' dir='ltr'>Ubi</span> <span class='ocrx_word' id='word_1_52' title='bbox 482 1479 576 1540; x_wconf 88' lang='lat' dir='ltr'>trium</span> <span class='ocrx_word' id='word_1_53' title='bbox 600 1478 674 1541; x_wconf 82' lang='lat' dir='ltr'>lons</span> <span class='ocrx_word' id='word_1_54' title='bbox 697 1475 846 1561; x_wconf 80' lang='lat' dir='ltr'>anguium</span> 
     </span>
     <span class='ocr_line' id='line_1_13' title="bbox 476 1578 850 1664; baseline -0.005 -20"><span class='ocrx_word' id='word_1_55' title='bbox 476 1582 603 1664; x_wconf 82' lang='lat' dir='ltr'>Lapaua</span> <span class='ocrx_word' id='word_1_56' title='bbox 626 1580 666 1641; x_wconf 88' lang='lat' dir='ltr'>ab</span> <span class='ocrx_word' id='word_1_57' title='bbox 690 1599 747 1643; x_wconf 90' lang='lat' dir='ltr'>ore</span> <span class='ocrx_word' id='word_1_58' title='bbox 770 1578 850 1654; x_wconf 89' lang='lat' dir='ltr'>coit;</span> 
     </span>
    </p>
   </div>
   <div class='ocr_carea' id='block_1_6' title="bbox 271 1717 1341 1987">
    <p class='ocr_par' dir='ltr' id='par_1_6' title="bbox 271 1717 1341 1987">
     <span class='ocr_line' id='line_1_14' title="bbox 271 1717 1341 1807; baseline 0.002 -22"><span class='ocrx_word' id='word_1_59' title='bbox 271 1729 274 1736; x_wconf 83' lang='grc'>’</span> <span class='ocrx_word' id='word_1_60' title='bbox 310 1723 412 1807; x_wconf 85' lang='lat' dir='ltr'>Inque</span> <span class='ocrx_word' id='word_1_61' title='bbox 434 1731 488 1784; x_wconf 90' lang='lat' dir='ltr'>tua</span> <span class='ocrx_word' id='word_1_62' title='bbox 510 1721 655 1802; x_wconf 88' lang='lat' dir='ltr'>aptabam</span> <span class='ocrx_word' id='word_1_63' title='bbox 680 1738 829 1782; x_wconf 82' lang='lat' dir='ltr'>numeros</span> <span class='ocrx_word' id='word_1_64' title='bbox 851 1717 1041 1800; x_wconf 87' lang='lat' dir='ltr'>praeconia,</span> <span class='ocrx_word' id='word_1_65' title='bbox 1067 1721 1217 1799; x_wconf 85' lang='lat' dir='ltr'>Memini,</span> <span class='ocrx_word' id='word_1_66' title='bbox 1300 1725 1341 1787; x_wconf 83' lang='lat'>25</span> 
     </span>
     <span class='ocr_line' id='line_1_15' title="bbox 394 1821 853 1902; baseline -0.013 -16"><span class='ocrx_word' id='word_1_67' title='bbox 394 1821 517 1886; x_wconf 87' lang='lat' dir='ltr'>Etiam</span> <span class='ocrx_word' id='word_1_68' title='bbox 542 1842 659 1884; x_wconf 90' lang='lat' dir='ltr'>sonora</span> <span class='ocrx_word' id='word_1_69' title='bbox 683 1841 853 1902; x_wconf 76' lang='lat' dir='ltr'>coeperam</span> 
     </span>
     <span class='ocr_line' id='line_1_16' title="bbox 475 1922 803 1987; baseline -0.009 0"><span class='ocrx_word' id='word_1_70' title='bbox 475 1923 546 1987; x_wconf 87' lang='lat' dir='ltr'>Fila</span> <span class='ocrx_word' id='word_1_71' title='bbox 569 1922 666 1986; x_wconf 81' lang='lat' dir='ltr'>ferire</span> <span class='ocrx_word' id='word_1_72' title='bbox 690 1943 803 1984; x_wconf 84' lang='lat' dir='ltr'>manu:</span> 
     </span>
    </p>
   </div>
   <div class='ocr_carea' id='block_1_7' title="bbox 311 2041 1342 2316">
    <p class='ocr_par' dir='ltr' id='par_1_7' title="bbox 311 2041 1342 2316">
     <span class='ocr_line' id='line_1_17' title="bbox 311 2041 1167 2127; baseline -0.002 -17"><span class='ocrx_word' id='word_1_73' title='bbox 311 2046 418 2127; x_wconf 86' lang='lat' dir='ltr'>Quom</span> <span class='ocrx_word' id='word_1_74' title='bbox 441 2046 509 2125; x_wconf 91' lang='lat' dir='ltr'>lyra</span> <span class='ocrx_word' id='word_1_75' title='bbox 532 2041 640 2106; x_wconf 87' lang='lat' dir='ltr'>nescio</span> <span class='ocrx_word' id='word_1_76' title='bbox 664 2063 729 2127; x_wconf 91' lang='lat' dir='ltr'>quo</span> <span class='ocrx_word' id='word_1_77' title='bbox 753 2065 827 2106; x_wconf 88' lang='lat' dir='ltr'>casu</span> <span class='ocrx_word' id='word_1_78' title='bbox 849 2044 980 2110; x_wconf 79' lang='lat' dir='ltr'>defluxit</span> <span class='ocrx_word' id='word_1_79' title='bbox 1001 2045 1032 2108; x_wconf 91' lang='lat' dir='ltr'>in</span> <span class='ocrx_word' id='word_1_80' title='bbox 1054 2049 1167 2110; x_wconf 75' lang='lat' dir='ltr'>trudas.</span> 
     </span>
     <span class='ocr_line' id='line_1_18' title="bbox 394 2146 948 2232; baseline 0 -22"><span class='ocrx_word' id='word_1_81' title='bbox 394 2146 447 2210; x_wconf 89' lang='lat' dir='ltr'>Sie</span> <span class='ocrx_word' id='word_1_82' title='bbox 469 2158 534 2210; x_wconf 89' lang='lat' dir='ltr'>tres</span> <span class='ocrx_word' id='word_1_83' title='bbox 557 2148 700 2232; x_wconf 87' lang='lat' dir='ltr'>duaeque</span> <span class='ocrx_word' id='word_1_84' title='bbox 723 2157 948 2228; x_wconf 89' lang='lat' dir='ltr'>etquattuor,</span> 
     </span>
     <span class='ocr_line' id='line_1_19' title="bbox 480 2247 1342 2316; baseline 0 -4"><span class='ocrx_word' id='word_1_85' title='bbox 480 2249 533 2312; x_wconf 89' lang='lat' dir='ltr'>Sic</span> <span class='ocrx_word' id='word_1_86' title='bbox 556 2247 689 2313; x_wconf 88' lang='lat' dir='ltr'>voluere</span> <span class='ocrx_word' id='word_1_87' title='bbox 712 2269 848 2312; x_wconf 76' lang='lat' dir='ltr'>novema</span> <span class='ocrx_word' id='word_1_88' title='bbox 1301 2254 1342 2316; x_wconf 82' lang='grc'>30</span> 
     </span>
    </p>
   </div>
   <div class='ocr_carea' id='block_1_8' title="bbox 312 2368 1210 2655">
    <p class='ocr_par' dir='ltr' id='par_1_8' title="bbox 312 2368 1210 2655">
     <span class='ocr_line' id='line_1_20' title="bbox 312 2368 1210 2456; baseline 0 -20"><span class='ocrx_word' id='word_1_89' title='bbox 312 2369 524 2454; x_wconf 89' lang='lat' dir='ltr'>Calliopeque</span> <span class='ocrx_word' id='word_1_90' title='bbox 546 2371 714 2452; x_wconf 89' lang='lat' dir='ltr'>Eratoque</span> <span class='ocrx_word' id='word_1_91' title='bbox 738 2368 915 2453; x_wconf 85' lang='lat' dir='ltr'>Thaliaque</span> <span class='ocrx_word' id='word_1_92' title='bbox 938 2370 1210 2456; x_wconf 88' lang='lat' dir='ltr'>Melpomeueque</span> 
     </span>
     <span class='ocr_line' id='line_1_21' title="bbox 397 2472 932 2556; baseline -0.009 -18"><span class='ocrx_word' id='word_1_93' title='bbox 397 2472 538 2556; x_wconf 88' lang='lat' dir='ltr'>Clioque</span> <span class='ocrx_word' id='word_1_94' title='bbox 562 2483 593 2534; x_wconf 89' lang='lat' dir='ltr'>et</span> <span class='ocrx_word' id='word_1_95' title='bbox 615 2473 759 2553; x_wconf 82' lang='lat' dir='ltr'>Euterpe</span> <span class='ocrx_word' id='word_1_96' title='bbox 783 2483 815 2534; x_wconf 91' lang='lat' dir='ltr'>et</span> <span class='ocrx_word' id='word_1_97' title='bbox 830 2473 932 2551; x_wconf 84' lang='lat' dir='ltr'>Poly-</span> 
     </span>
     <span class='ocr_line' id='line_1_22' title="bbox 482 2573 815 2655; baseline 0.003 -20"><span class='ocrx_word' id='word_1_98' title='bbox 482 2573 608 2655; x_wconf 87' lang='lat' dir='ltr'>hymnia</span> <span class='ocrx_word' id='word_1_99' title='bbox 631 2585 662 2637; x_wconf 87' lang='lat' dir='ltr'>et</span> <span class='ocrx_word' id='word_1_100' title='bbox 683 2573 815 2638; x_wconf 89' lang='lat' dir='ltr'>Uranie.</span> 
     </span>
    </p>
   </div>
   <div class='ocr_carea' id='block_1_9' title="bbox 311 2693 1343 2964">
    <p class='ocr_par' dir='ltr' id='par_1_9' title="bbox 311 2693 1343 2964">
     <span class='ocr_line' id='line_1_23' title="bbox 311 2693 1199 2778; baseline -0.002 -16"><span class='ocrx_word' id='word_1_101' title='bbox 311 2695 419 2762; x_wconf 82' lang='lat' dir='ltr'>Solam</span> <span class='ocrx_word' id='word_1_102' title='bbox 444 2694 705 2777; x_wconf 82' lang='lat' dir='ltr'>Terpsichoren,</span> <span class='ocrx_word' id='word_1_103' title='bbox 730 2697 817 2778; x_wconf 83' lang='lat' dir='ltr'>quod</span> <span class='ocrx_word' id='word_1_104' title='bbox 840 2693 880 2758; x_wconf 87' lang='lat' dir='ltr'>sit</span> <span class='ocrx_word' id='word_1_105' title='bbox 901 2693 1110 2773; x_wconf 74' lang='lat' dir='ltr'>citharistria,</span> <span class='ocrx_word' id='word_1_106' title='bbox 1136 2697 1199 2760; x_wconf 87' lang='lat' dir='ltr'>vidi</span> 
     </span>
     <span class='ocr_line' id='line_1_24' title="bbox 396 2797 1343 2864; baseline 0.002 -2"><span class='ocrx_word' id='word_1_107' title='bbox 396 2798 542 2862; x_wconf 87' lang='lat' dir='ltr'>Flentem</span> <span class='ocrx_word' id='word_1_108' title='bbox 565 2817 714 2861; x_wconf 87' lang='lat' dir='ltr'>sororum</span> <span class='ocrx_word' id='word_1_109' title='bbox 738 2797 833 2860; x_wconf 80' lang='lat' dir='ltr'>devio</span> <span class='ocrx_word' id='word_1_110' title='bbox 1238 2813 1240 2820; x_wconf 87' lang='lat'>&#39;</span> <span class='ocrx_word' id='word_1_111' title='bbox 1301 2803 1343 2864; x_wconf 78' lang='lat'>35</span> 
     </span>
     <span class='ocr_line' id='line_1_25' title="bbox 480 2897 797 2964; baseline 0 -2"><span class='ocrx_word' id='word_1_112' title='bbox 480 2897 659 2962; x_wconf 82' lang='lat' dir='ltr'>Absiluiase</span> <span class='ocrx_word' id='word_1_113' title='bbox 681 2900 797 2964; x_wconf 85' lang='lat' dir='ltr'>choro.</span> 
     </span>
    </p>
   </div>
   <div class='ocr_carea' id='block_1_10' title="bbox 313 3019 1279 3306">
    <p class='ocr_par' dir='ltr' id='par_1_10' title="bbox 313 3019 1279 3306">
     <span class='ocr_line' id='line_1_26' title="bbox 313 3019 1279 3105; baseline 0.002 -21"><span class='ocrx_word' id='word_1_114' title='bbox 313 3019 535 3105; x_wconf 83' lang='lat' dir='ltr'>Nequidquam</span> <span class='ocrx_word' id='word_1_115' title='bbox 559 3020 740 3082; x_wconf 81' lang='lat' dir='ltr'>exclamans</span> <span class='ocrx_word' id='word_1_116' title='bbox 761 3030 977 3104; x_wconf 90' lang='lat' dir='ltr'>porrectaque</span> <span class='ocrx_word' id='word_1_117' title='bbox 999 3022 1127 3085; x_wconf 86' lang='lat' dir='ltr'>brachia</span> <span class='ocrx_word' id='word_1_118' title='bbox 1151 3025 1279 3087; x_wconf 86' lang='lat' dir='ltr'>tendens</span> 
     </span>
     <span class='ocr_line' id='line_1_27' title="bbox 398 3121 846 3203; baseline 0 -17"><span class='ocrx_word' id='word_1_119' title='bbox 398 3121 551 3186; x_wconf 87' lang='lat' dir='ltr'>Conahar</span> <span class='ocrx_word' id='word_1_120' title='bbox 575 3133 741 3203; x_wconf 81' lang='lat' dir='ltr'>exceptam</span> <span class='ocrx_word' id='word_1_121' title='bbox 765 3125 846 3186; x_wconf 85' lang='lat' dir='ltr'>vado</span> 
     </span>
     <span class='ocr_line' id='line_1_28' title="bbox 482 3225 867 3306; baseline -0.005 -18"><span class='ocrx_word' id='word_1_122' title='bbox 482 3225 633 3299; x_wconf 89' lang='lat' dir='ltr'>Tollere;</span> <span class='ocrx_word' id='word_1_123' title='bbox 657 3225 745 3306; x_wconf 87' lang='lat' dir='ltr'>lapsa</span> <span class='ocrx_word' id='word_1_124' title='bbox 768 3235 867 3287; x_wconf 86' lang='lat' dir='ltr'>natat.</span> 
     </span>
    </p>
   </div>
   <div class='ocr_carea' id='block_1_11' title="bbox 316 3344 1345 3627">
    <p class='ocr_par' dir='ltr' id='par_1_11' title="bbox 316 3344 1345 3627">
     <span class='ocr_line' id='line_1_29' title="bbox 316 3344 1345 3430; baseline -0.003 -19"><span class='ocrx_word' id='word_1_125' title='bbox 316 3346 534 3430; x_wconf 82' lang='lat' dir='ltr'>Terpsichore</span> <span class='ocrx_word' id='word_1_126' title='bbox 557 3344 693 3408; x_wconf 84' lang='lat' dir='ltr'>insiliens</span> <span class='ocrx_word' id='word_1_127' title='bbox 717 3346 933 3430; x_wconf 81' lang='lat' dir='ltr'>citharamque</span> <span class='ocrx_word' id='word_1_128' title='bbox 956 3348 1101 3429; x_wconf 84' lang='lat' dir='ltr'>amplexa</span> <span class='ocrx_word' id='word_1_129' title='bbox 1124 3367 1238 3413; x_wconf 86' lang='lat' dir='ltr'>sereno</span> <span class='ocrx_word' id='word_1_130' title='bbox 1304 3348 1345 3409; x_wconf 85' lang='lat' dir='ltr'>to</span> 
     </span>
     <span class='ocr_line' id='line_1_30' title="bbox 395 3446 751 3512; baseline -0.006 0"><span class='ocrx_word' id='word_1_131' title='bbox 395 3446 529 3512; x_wconf 85' lang='lat' dir='ltr'>Afflavit</span> <span class='ocrx_word' id='word_1_132' title='bbox 552 3449 618 3511; x_wconf 86' lang='lat' dir='ltr'>oris</span> <span class='ocrx_word' id='word_1_133' title='bbox 641 3448 751 3512; x_wconf 87' lang='lat' dir='ltr'>basio:</span> 
     </span>
     <span class='ocr_line' id='line_1_31' title="bbox 478 3549 872 3627; baseline 0.008 -16"><span class='ocrx_word' id='word_1_134' title='bbox 478 3549 588 3624; x_wconf 80' lang='lat' dir='ltr'>„Vive</span> <span class='ocrx_word' id='word_1_135' title='bbox 610 3549 750 3614; x_wconf 84' lang='lat' dir='ltr'>bicornis</span> <span class='ocrx_word' id='word_1_136' title='bbox 762 3549 794 3627; x_wconf 88' lang='lat'>‚&#39;&#39;</span> <span class='ocrx_word' id='word_1_137' title='bbox 818 3550 872 3614; x_wconf 87' lang='lat' dir='ltr'>ait.</span> 
     </span>
    </p>
   </div>
   <div class='ocr_carea' id='block_1_12' title="bbox 312 3668 1345 3948">
    <p class='ocr_par' dir='ltr' id='par_1_12' title="bbox 312 3668 1345 3948">
     <span class='ocr_line' id='line_1_32' title="bbox 312 3668 1074 3758; baseline 0.003 -21"><span class='ocrx_word' id='word_1_138' title='bbox 312 3668 462 3754; x_wconf 86' lang='lat' dir='ltr'>Prodigii</span> <span class='ocrx_word' id='word_1_139' title='bbox 485 3668 626 3750; x_wconf 79' lang='lat' dir='ltr'>species!</span> <span class='ocrx_word' id='word_1_140' title='bbox 648 3670 804 3733; x_wconf 88' lang='lat' dir='ltr'>animatur</span> <span class='ocrx_word' id='word_1_141' title='bbox 827 3672 920 3734; x_wconf 78' lang='lat' dir='ltr'>sirtile</span> <span class='ocrx_word' id='word_1_142' title='bbox 944 3673 1074 3758; x_wconf 84' lang='lat' dir='ltr'>lignum.</span> 
     </span>
     <span class='ocr_line' id='line_1_33' title="bbox 398 3771 1004 3849; baseline 0 -14"><span class='ocrx_word' id='word_1_143' title='bbox 398 3773 437 3835; x_wconf 89' lang='lat' dir='ltr'>In</span> <span class='ocrx_word' id='word_1_144' title='bbox 460 3773 599 3834; x_wconf 89' lang='lat' dir='ltr'>membra</span> <span class='ocrx_word' id='word_1_145' title='bbox 621 3771 712 3836; x_wconf 88' lang='lat' dir='ltr'>nervi</span> <span class='ocrx_word' id='word_1_146' title='bbox 734 3783 917 3849; x_wconf 84' lang='lat' dir='ltr'>trauaeuut;</span> <span class='ocrx_word' id='word_1_147' title='bbox 1002 3819 1004 3826; x_wconf 75' lang='grc'>.</span> 
     </span>
     <span class='ocr_line' id='line_1_34' title="bbox 483 3873 1345 3948; baseline 0.012 -11"><span class='ocrx_word' id='word_1_148' title='bbox 483 3875 527 3937; x_wconf 86' lang='lat' dir='ltr'>Et</span> <span class='ocrx_word' id='word_1_149' title='bbox 549 3873 668 3937; x_wconf 86' lang='lat' dir='ltr'>cithara</span> <span class='ocrx_word' id='word_1_150' title='bbox 690 3876 727 3938; x_wconf 86' lang='lat' dir='ltr'>ttt</span> <span class='ocrx_word' id='word_1_151' title='bbox 750 3877 834 3940; x_wconf 91' lang='lat' dir='ltr'>olor.</span> <span class='ocrx_word' id='word_1_152' title='bbox 1305 3885 1345 3948; x_wconf 77' lang='lat'>115</span> 
     </span>
    </p>
   </div>
   <div class='ocr_carea' id='block_1_13' title="bbox 314 3995 1262 4278">
    <p class='ocr_par' dir='ltr' id='par_1_13' title="bbox 314 3995 1262 4278">
     <span class='ocr_line' id='line_1_35' title="bbox 314 3995 1262 4075; baseline 0.009 -17"><span class='ocrx_word' id='word_1_153' title='bbox 314 3997 416 4075; x_wconf 85' lang='lat' dir='ltr'>Quam</span> <span class='ocrx_word' id='word_1_154' title='bbox 440 3995 521 4069; x_wconf 84' lang='lat' dir='ltr'>cita,</span> <span class='ocrx_word' id='word_1_155' title='bbox 549 4007 613 4057; x_wconf 91' lang='lat' dir='ltr'>tam</span> <span class='ocrx_word' id='word_1_156' title='bbox 637 3995 739 4058; x_wconf 81' lang='lat' dir='ltr'>facilia</span> <span class='ocrx_word' id='word_1_157' title='bbox 760 3995 821 4060; x_wconf 82' lang='lat' dir='ltr'>tuit</span> <span class='ocrx_word' id='word_1_158' title='bbox 843 3999 921 4060; x_wconf 88' lang='lat' dir='ltr'>haec</span> <span class='ocrx_word' id='word_1_159' title='bbox 946 3999 1091 4066; x_wconf 80' lang='lat' dir='ltr'>mutatio.</span> <span class='ocrx_word' id='word_1_160' title='bbox 1136 4003 1262 4067; x_wconf 88' lang='lat' dir='ltr'>Venter</span> 
     </span>
     <span class='ocr_line' id='line_1_36' title="bbox 403 4095 804 4177; baseline 0.005 -16"><span class='ocrx_word' id='word_1_161' title='bbox 403 4095 579 4161; x_wconf 83' lang='lat' dir='ltr'>Plumeacit</span> <span class='ocrx_word' id='word_1_162' title='bbox 601 4108 631 4158; x_wconf 90' lang='lat' dir='ltr'>et</span> <span class='ocrx_word' id='word_1_163' title='bbox 656 4096 804 4177; x_wconf 88' lang='lat' dir='ltr'>Carystia</span> 
     </span>
     <span class='ocr_line' id='line_1_37' title="bbox 485 4199 846 4278; baseline 0.014 -19"><span class='ocrx_word' id='word_1_164' title='bbox 485 4200 568 4260; x_wconf 88' lang='lat' dir='ltr'>Saxa</span> <span class='ocrx_word' id='word_1_165' title='bbox 592 4199 703 4263; x_wconf 89' lang='lat' dir='ltr'>colore</span> <span class='ocrx_word' id='word_1_166' title='bbox 726 4201 846 4278; x_wconf 71' lang='lat' dir='ltr'>retem,</span> 
     </span>
    </p>
   </div>
   <div class='ocr_carea' id='block_1_14' title="bbox 0 0 1488 4820">
    <p class='ocr_par' dir='ltr' id='par_1_14' title="bbox 0 0 1488 4820">
     <span class='ocr_line' id='line_1_38' title="bbox 0 0 1488 4820; baseline 0 0"><span class='ocrx_word' id='word_1_167' title='bbox 0 0 1488 4820; x_wconf 95' lang='lat' dir='ltr'> </span> 
     </span>
    </p>
   </div>
  </div>
 </body>
</html>
