2946 4816
115 384 182 464 Iam
207 385 324 452 medias
347 386 504 473 aliamque
525 386 662 465 famem,
686 407 783 473 quom
805 390 915 472 pulmo
938 389 1079 468 Falerno

115 492 272 555 Arderet.
314 490 404 554 Nulli
427 489 530 554 maior
551 490 611 555 tuit
634 512 708 554 usus
730 491 844 555 edendi

117 595 324 675 Tempestate
346 613 428 657 mea.
473 591 598 657 Circeis
621 605 694 656 nata
716 582 843 671 dorent,
869 615 908 658 an

116 694 295 759 Lucrinum
318 697 357 758 ad
377 715 491 758 santam
513 696 724 777 Rntsrpinove
747 696 829 759 edita
850 696 951 762 fundo

28 815 33 822 ’
118 797 257 874 Ostrea,
282 796 420 860 callebat
441 797 547 879 primo
569 800 766 881 deprendere
788 820 897 864 morsu

118 900 163 963 Et
186 898 283 963 semel
306 899 446 981 adspeeti
468 899 542 962 litus
565 898 689 963 dicebat
710 900 826 965 echini.

119 993 270 1084 Surgitur
291 1012 325 1063 et
346 1001 443 1067 misso
465 1022 619 1083 proceres
641 1002 730 1067 exire
751 1003 901 1068 iubentur
942 995 944 1002 ’

120 1101 294 1180 Concilio,
319 1124 403 1189 quos
425 1103 584 1168 Albanum
607 1107 672 1168 dux
693 1127 824 1192 magnus
847 1106 878 1170 in
902 1127 1006 1172 arcem
1179 1109 1239 1171 115

122 1207 282 1268 Traxerat
305 1205 458 1270 attonitos
481 1217 513 1269 et
534 1206 682 1271 festinare
705 1219 855 1284 coactos,

122 1309 297 1392 Tamquam
320 1311 359 1371 de
383 1307 487 1372 Cattis
510 1307 631 1393 aliquid
653 1309 821 1394 torvisque
845 1311 1020 1376 Sicambris

120 1409 290 1486 Dicturus3
315 1408 632 1494 tamquamdiversis
654 1411 798 1492 partibus
822 1414 912 1477 orbis

121 1511 230 1591 Anxia
252 1511 420 1595 praecipiti
443 1511 581 1577 venisset
604 1512 739 1595 epistola
762 1537 881 1596 penna.

121 1615 232 1697 Atque
255 1615 371 1677 salinam
394 1615 442 1678 his
461 1615 569 1697 potins
591 1617 684 1701 nugis
706 1628 773 1700 tota
795 1618 850 1682 illa
872 1619 1010 1684 dedisset
1179 1621 1241 1684 150

122 1720 287 1799 Tempora
310 1716 481 1797 saevitiae,
505 1717 608 1781 claras
630 1719 746 1803 quibus
769 1722 899 1785 abstulit
920 1722 993 1786 urbi

120 1819 332 1902 illustresque
355 1819 472 1900 animas
493 1819 621 1902 impune
643 1833 674 1884 et
697 1821 821 1886 vindice
843 1825 950 1910 nullo!

122 1922 185 1983 Sed
207 1921 319 2004 periit,
343 1931 515 2004 postquam
537 1924 732 1987 cerdonibus
756 1945 825 1988 esse
847 1926 1002 1992 timendus

122 2021 304 2106 ¹Coeperam
326 2024 391 2086 hoc
413 2022 522 2087 nocuit
544 2024 727 2088 Lamiarum
750 2029 845 2091 caede
868 2029 1015 2114 nsadenti.

478 2211 654 2276 SATIRA
677 2212 888 2278 OCTAVA.

164 2333 335 2408 Stemmata
359 2331 437 2414 qnid
457 2331 598 2394 iaciunt?
622 2333 697 2415 qnid
719 2336 871 2415 prodest,
896 2335 1050 2417 Pontice,
1074 2335 1175 2420 longo

123 2431 285 2516 Sanguine
307 2433 445 2508 censeri,
470 2433 575 2516 pictos
599 2439 768 2500 ostendere
792 2437 896 2501 voltus

123 2536 285 2598 Maiorum
311 2546 342 2596 et
364 2547 480 2598 stantes
503 2535 533 2599 in
557 2538 705 2600 curribus
726 2537 923 2602 Aemilianos
1004 2531 1007 2538 ’

122 2639 167 2699 Et
190 2635 310 2712 Girrios
332 2637 392 2698 iam
415 2636 562 2701 dimidios
585 2640 783 2724 humeroque
806 2641 963 2704 minorem

123 2736 304 2802 Corvinum
327 2749 359 2801 et
381 2739 515 2802 Galbam
539 2739 686 2803 auriculis
709 2763 851 2826 nasoque
873 2742 1057 2808 carentem?
1223 2747 1243 2807 5

124 2839 206 2920 Quis
229 2839 352 2902 [rinctus
376 2843 501 2924 generis
524 2841 630 2904 tabula
653 2841 771 2904 iactare
794 2845 902 2924 capaci
1069 2826 1073 2839 ’

115 2941 323 3018 Corvinum,
347 2944 484 3024 posthae
506 2943 603 3005 multa
625 2945 812 3028 contingere
835 2945 927 3029 virga

124 3123 252 3169 Welu-
270 3124 378 3168 consilio
395 3123 509 3168 scunt.
529 3125 591 3180 Rnp.
637 3127 699 3169 Τιιιιι
718 3126 792 3172 AG.:
812 3126 967 3188 Sigambra'a.
1006 3125 1066 3174 118.
1086 3126 1158 3176 Getis
1175 3083 1244 3176 molli
1250 3131 1293 3199 ἐξ(

125 3194 240 3237 Cod.-
259 3191 348 3238 Gestis
366 3206 450 3238 ornnes
469 3194 525 3237 mei.
547 3190 680 3239 -Cctte'e
699 3195 809 3241 firmatur
839 3213 853 3240 ιι
878 3198 959 3245 Schol.
980 3217 1014 3232 -
1029 3199 1150 3258 tertiaque
1176 3202 1255 3245 coni.
1324 3197 1326 3202 ’

122 3264 219 3306 vallae.
267 3258 326 3306 118.
346 3268 472 3340 tamquam
490 3268 513 3306 el
530 3261 640 3308 diversit
659 3265 732 3309 Web.
752 3271 835 3310 contra
854 3271 945 3321 septem
962 3279 1039 3311 ineos.
1085 3267 1143 3313 tt‘).
1162 3282 1284 3326 pennogw
1345 3307 1350 3316 .

122 3331 216 3375 Omnes
234 3344 290 3374 rnen
313 3352 341 3363 -
358 3345 441 3389 penno
459 3331 521 3387 llnp
541 3347 564 3376 ι.
585 3334 662 3376 fland.
683 3336 711 3377 ad
730 3334 808 3400 Grop.
828 3336 908 3381 Dietr.
927 3336 947 3380 1.
968 3350 991 3391 p.
1013 3332 1072 3380 1811.
1118 3333 1176 3382 153.
1195 3327 1323 3382 110th
1343 3335 1360 3354 ''

122 3401 216 3444 rnitieui
248 3400 416 3445 interfectores
442 3401 551 3446 homines
579 3400 653 3445 infimi
685 3405 781 3460 generis
812 3405 915 3449 fuerunt.
948 3419 970 3449 ι.
1005 3405 1073 3450 Suet.
1097 3405 1168 3450 Dom.
1202 3404 1244 3452 17.

124 3467 186 3514 151.
216 3467 314 3513 Aelium
338 3467 454 3518 Luceium
481 3460 633 3515 nobilissimo
659 3477 746 3529 genere
771 3478 851 3542 ortum
879 3474 1029 3540 Domitianus
1060 3475 1234 3520 occidemus

122 3539 192 3588 Suet.
212 3538 283 3582 Doto.
306 3535 347 3582 10.
1262 3554 1301 3621 4¹

541 3647 657 3706 surina
679 3648 824 3710 ooruvs
1112 3625 1114 3630 ’
1253 3625 1284 3668 ’³'

197 3741 220 3789 1.
239 3742 358 3788 Ponticus
378 3745 472 3788 nobis
466 3758 514 3788 ιιιιι
532 3747 635 3805 ignotus.
674 3745 698 3790 2.
714 3747 798 3802 pictor
816 3745 953 3790 ABCDFG.
971 3745 1044 3812 prela.
1065 3745 1203 3803 Pinzgn-
1170 3751 1246 3789 -et

120 3811 255 3868 picter.
289 3821 314 3847 -’
332 3813 464 3872 pictosque
482 3814 546 3869 unp.
564 3815 636 3860 Web.
686 3813 710 3861 1.
740 3813 889 3872 lesnes-oque
914 3815 975 3859 God.
1001 3813 1125 3858 Chemuicl
1148 3812 1246 3859 firmans

122 3881 217 3924 Prateii
234 3882 298 3927 coni.
317 3895 362 3936 pro
383 3880 549 3960 dutnerorque
567 3897 601 3928 m.
620 3885 681 3939 llup
705 3883 803 3936 Web„
804 3881 920 3936 ,Ιιιιιιιιιο
938 3884 1020 3926 minor
1042 3883 1244 3940 est‚q1naltero

122 3951 226 3994 humero
244 3955 310 3995 earet
332 3963 354 3994 s.
377 3951 444 3995 cuins
465 3954 525 3997 alter
547 3953 660 3997 barnerus
676 3953 796 3996 mutilatus
815 3957 860 3996 est.
907 3950 1032 3996 Husueroa
1050 3951 1133 3995 minor
1151 3967 1180 3996 uc
1198 3967 1246 3998 oon

121 4017 260 4078 significare
279 4021 373 4074 possit:
393 4019 497 4064 mutilus
510 4015 642 4088 domnia,
668 4028 694 4065 nt
711 4023 809 4066 volnere
828 4022 951 4075 interpp.
971 4033 1116 4098 magnopere
1134 4035 1231 4068 vereor.
1233 4024 1248 4044 ”

121 4089 214 4147 Pinzg.
260 4089 310 4132 Mei
334 4102 418 4134 omues
445 4102 572 4145 perperam
598 4083 634 4135 sic
663 4081 766 4135 habent:
798 4093 936 4148 noenmq‘ue
960 4089 1083 4133 minorem
1106 4087 1207 4136 Corvini
1224 4097 1249 4136 et

120 4155 233 4202 cathem
250 4157 659 4226 auriculisareopagos-arentem.
703 4157 1028 4213 transrenensibus,
1054 4160 1245 4216 quaedeh.v.

121 4227 378 4285 disputaruntl’lnzg.
398 4233 423 4272 et
440 4227 529 4282 Web„
561 4220 631 4273 huius
652 4219 784 4274 ιιιι1ιιιιίιι
806 4229 923 4281 accedo,
920 4231 1001 4294 quod
1021 4229 1052 4272 ad
1069 4241 1093 4273 r.
1112 4225 1247 4274 Corvinum

116 4310 178 4341 cun
197 4297 219 4342 tsi
236 4297 366 4351 repetitum
378 4298 481 4350 attinet
501 4303 526 4342 et
537 4311 590 4341 curn
606 4299 650 4342 allo
666 4312 691 4343 ι.
710 4297 860 4356 contingens
877 4297 936 4342 satis
954 4287 1100 4342 firmaturus
1118 4297 1164 4342 Cd.
1183 4296 1279 4340 cn·-
