2948 4820
396 337 450 404 Sic
472 339 656 403 Alexander
678 336 792 418 Libyci
818 336 992 414 Tonantis,

396 440 449 503 Sic
471 439 556 503 hrtnti
579 442 709 520 'l'ydena
730 441 874 504 Danaum
899 438 1021 522 qualevit

395 543 510 626 Strage
534 542 687 604 Thebana
711 541 870 625 nimioque
893 539 949 605 leti

478 643 630 706 Pondere
651 642 768 707 feaaua.

396 782 509 848 Rebus
530 780 671 844 adversis
694 783 814 845 animus
836 783 1014 863 probatur,

394 884 478 945 Nutu
501 881 562 944 eibi
583 893 720 949 constet.
764 883 893 945 Freinat
916 883 1017 945 hostia
1040 903 1145 962 arma,

394 985 481 1048 Vera
506 985 654 1046 Libertas
676 982 797 1048 rnedioa
819 1005 879 1066 per
900 983 991 1068 ignea

479 1086 578 1150 Vadit
600 1099 631 1149 et
654 1107 758 1150 enses.

397 1224 450 1289 Nil
475 1245 586 1290 moror
605 1225 745 1308 plebem.
789 1225 877 1288 lacet
900 1225 954 1288 ille
976 1246 1129 1309 maguus,

324 1331 327 1336 '
394 1326 460 1408 Qui
482 1327 566 1391 cadit
588 1348 732 1412 magnus.
764 1325 916 1390 Celebrat
939 1327 1045 1401 ruina,

396 1431 471 1492 Non
493 1427 608 1510 premit
629 1430 769 1491 fortem:
793 1427 971 1512 titubatque
995 1431 1130 1512 pulchra

478 1531 626 1593 'srttucna
649 1529 680 1598 ita
702 1529 764 1593 ira.

391 1672 519 1738 Volant
543 1681 695 1733 artatattuu
719 1670 849 1734 decorat
871 1673 1028 1743 cadaver3

390 1770 500 1866 Comit
521 1774 585 1837 ltoc
606 1771 692 1854 rupti
713 1792 803 1834 sacer
825 1771 892 1834 oria
916 1774 1036 1836 horror

389 1876 434 1940 Et
456 1873 617 1938 cicatrices
640 1884 671 1936 ct
694 1874 795 1935 adhuc
815 1872 933 1938 ferocia

473 1979 601 2042 Rudera
625 1976 746 2044 voltus.

387 2117 504 2180 Fracta
527 2113 644 2178 labenti
665 2113 756 2178 aenio
780 2125 919 2178 vetustas

389 2221 491 2299 Saepe
515 2216 665 2282 maiorem
686 2216 810 2278 titulum
834 2228 991 2294 uteretur,
1083 2294 1086 2300 Ι

382 2322 484 2401 Quam
508 2337 620 2382 recena
644 2339 765 2380 ulturus.
808 2320 1018 2384 Moouuteuta
1041 2319 1164 2404 priscae

465 2420 607 2488 Consule
631 2422 774 2496 Romae3

301 2596 304 2604 ν
388 2559 513 2626 Crebra
537 2561 690 2624 samosata
713 2559 833 2623 fecittot
853 2560 1013 2641 aepttlcra.

386 2663 529 2725 Arduum
553 2674 652 2726 vento
675 2661 834 2744 quatiente
858 2661 990 2735 molem,

387 2764 492 2844 (luctu
517 2784 602 2826 tutare
625 2773 655 2826 et
679 2763 765 2826 littus
788 2763 909 2828 Bltodii
929 2764 1093 2846 replerent

469 2865 644 2949 Fragtuina
665 2864 818 2940 monson

386 3003 471 3068 Solis
494 3003 524 3064 in
547 3025 616 3066 sese
639 3002 783 3066 recidens
806 3001 966 3067 Coloaaus

384 3105 526 3170 Advenis
550 3121 648 3186 aequae
672 3104 767 3166 incutit
788 3107 978 3185 stupendus,

384 3207 498 3273 Donec
521 3203 690 3288 impostum
715 3227 814 3290 grave
835 3206 931 3270 funin
953 3227 1028 3272 ave-

469 3297 554 3371 xere'
569 3307 692 3372 cameli.

385 3446 559 3511 'l'rauaiens
582 3445 653 3508 illac
676 3443 789 3528 aliquis
812 3445 939 3522 viator5

384 3548 512 3611 Dixerit
536 3547 599 3608 visa
624 3546 713 3629 digiti
736 3549 904 3609 colutuna:
939 3633 942 3638 Ι

383 3648 471 3726 „Hic
494 3647 544 3711 vir
566 3661 690 3711 erectus
712 3648 849 3712 leniebat
868 3659 954 3712 astra

470 3750 580 3820 Maior
603 3751 779 3834 Olymp0.”

664 3971 886 3992 fl-—v-a--O
