2952 4826
196 222 215 282 6

196 376 333 440 strictim
357 375 513 460 attingere
535 373 667 456 poterit.
712 375 750 438 In
783 375 914 438 alteram
946 371 1152 456 appendicem
1183 371 1309 438 conieci

194 481 288 544 locos
319 481 474 564 quosdam
514 477 693 542 luculentos
733 475 910 552 Lucani,
948 474 1045 539 Silii
1081 473 1239 551 Italici,
1277 487 1309 540 et

196 580 436 655 Claudiani,
473 579 505 642 iu
534 579 648 664 quibos
675 577 872 662 explicandis
900 580 1068 643 cornmode
1094 576 1309 660 disputabitur

197 689 235 762 de
257 681 352 766 poe'si
373 682 544 756 historica,
577 685 615 744 de
638 683 771 745 oraculo
795 679 974 763 Delphico,
1008 683 1046 744 de
1070 701 1146 744 vera
1169 678 1308 744 Cartha-

196 785 385 870 giniensium
406 782 581 868 religione,
619 787 659 846 ab
682 806 735 862 ea,
772 805 866 870 quam
899 783 995 848 Silius
1028 782 1139 848 iisdem
1175 782 1306 859 tribuit,

187 909 329 970 prorsus
352 886 492 949 diversa.

257 987 422 1052 Valerii
444 998 546 1052 autem
569 987 728 1065 Flacci,
751 994 869 1072 poe'tae
885 989 1001 1074 ubique
1019 988 1089 1053 sere
1107 986 1156 1052 sui
1177 987 1306 1064 similis,

193 1091 228 1154 id
246 1102 309 1166 est,
324 1089 466 1174 languidi
481 1101 512 1153 et
527 1089 690 1172 probabili
706 1096 839 1176 quadam
855 1091 1077 1157 mediocritate
1094 1090 1305 1171 contentius),

193 1194 300 1258 locum
320 1191 399 1256 Lib.
416 1193 518 1256 VIII.
546 1215 576 1256 v.
601 1195 752 1258 1-190,
779 1215 843 1258 non
870 1205 933 1257 tam
961 1203 1100 1276 propter
1125 1183 1306 1279 argumenti

194 1294 418 1376 praestantiam
434 1306 487 1358 aut
501 1293 695 1380 singularem
711 1297 847 1380 aliquam
866 1307 1059 1360 venustatem
1074 1294 1189 1378 selegi,
1213 1316 1306 1380 quam

194 1400 283 1481 quod
302 1419 396 1460 unum
418 1398 527 1462 saltem
551 1398 711 1480 specimen
734 1398 788 1461 hic
806 1409 932 1463 exstare
953 1397 1120 1473 volebam,
1143 1418 1208 1482 quo
1228 1400 1307 1462 ado·

104 1570 105 1576 χ
193 1498 376 1562 lescentium
405 1497 558 1563 industria
594 1511 838 1572 converteretur
863 1503 903 1563 ad
928 1522 997 1564 eam
1023 1499 1154 1565 criticae
1184 1511 1306 1582 partem

195 1606 409 1678 tractandam,
439 1602 492 1666 coi
524 1602 695 1666 subditicia
728 1625 746 1665 a
774 1600 860 1666 veris
893 1601 1075 1667 discernere
1102 1601 1305 1686 propositum

194 1714 254 1765 est.
299 1706 380 1766 Nam
404 1704 449 1766 nti
467 1725 568 1786 nuper
589 1704 818 1786 Aristophanis
838 1706 949 1767 Nubes
966 1703 1180 1786 posteriores,
1202 1703 1305 1767 invito

193 1809 309 1886 poeta,
333 1807 457 1868 duobus
477 1805 622 1887 priorum
644 1805 810 1870 versiculis
826 1807 858 1887 [a
874 1804 1036 1890 Reisigio]
1059 1805 1306 1892 onerataspidi-

194 1930 279 1982 nius,
316 1905 360 1969 ita
386 1905 544 1970 sexdecim
568 1930 585 1970 a
605 1907 797 1972 Weicberto
824 1910 871 1972 V.
896 1907 937 1973 C.
960 1907 1058 1970 ditata
1078 1920 1150 1970 sunt
1180 1907 1307 1972 Valerii

111 2093 113 2100 y
194 2007 428 2093 Argonautica,
445 2032 541 2094 quom
552 2021 642 2082 autea
653 2009 700 2073 illi
709 2014 792 2092 apud
800 2009 981 2094 Diogenem
989 2009 1167 2086 Lae'rtium,
1183 2009 1305 2074 bivero

192 2111 225 2172 in
241 2110 293 2176 Pii
311 2111 569 2176 adnotationibus
590 2111 807 2195 prostitissent
828 2110 938 2195 potius
959 2134 1053 2196 quam
1076 2111 1284 2176 delituissent.

246 2387 273 2442 (Ἴ
293 2387 374 2444 Inique
398 2391 422 2432 et
445 2392 598 2442 praepostere
621 2402 659 2432 me
684 2390 712 2435 de
730 2390 829 2434 Valerio
848 2389 934 2434 Flacco
953 2389 1070 2433 iudicasse
1088 2389 1233 2433 asseveravit
1249 2389 1305 2433 Pal·

193 2459 275 2500 damus
293 2456 405 2514 Propert.
420 2469 444 2511 p.
460 2453 535 2502 246.;
562 2471 634 2510 „esse
652 2460 716 2504 euim
734 2459 795 2503 hunc
813 2471 897 2516 ‚„,pro
915 2465 1024 2515 tempore
1041 2456 1136 2512 auo’''’‚
1162 2463 1186 2502 ut
1204 2471 1304 2504 conscu-

195 2532 288 2570 taneum
307 2531 371 2580 crat,
393 2526 515 2584 egregiam
534 2528 654 2582 poetatur*
688 2527 738 2572 Pro
756 2535 864 2586 ternpore
881 2541 941 2581 suo,
962 2541 1008 2572 nou
1027 2540 1103 2586 nego:
1129 2529 1170 2572 sed
1189 2540 1253 2585 ego,
1274 2530 1302 2571 ad

193 2595 272 2638 omnia
301 2598 380 2640 secula
407 2600 475 2652 atque
503 2597 611 2641 nationes
635 2598 760 2642 Valerium
787 2611 914 2656 exegeram
941 2603 1083 2654 sortitusque
1108 2611 1174 2641 eram
1198 2598 1304 2642 nmmum

193 2665 315 2707 uatIonum
341 2668 411 2722 atque
438 2667 573 2718 seculorum
600 2665 720 2710 sincerum
739 2667 852 2712 Iudicium
871 2671 1008 2724 certumque
1032 2680 1189 2719 consensum,
1210 2680 1238 2711 ex
1257 2681 1303 2724 quo

193 2735 305 2777 valemus
318 2734 416 2778 Flaccus
429 2747 458 2778 ex
476 2737 523 2779 tuis
537 2739 653 2792 estuans,
668 2737 792 2794 dequibus
805 2737 927 2791 Horatius,
947 2736 1125 2790 medloert'hur,
1145 2737 1229 2794 inquit,
1248 2749 1303 2780 ease

190 2801 272 2858 poetis
290 2817 340 2847 non
364 2801 491 2858 hormines,
522 2818 572 2848 non
589 2804 633 2858 dt,
662 2820 710 2850 non
728 2819 876 2851 concessere
894 2807 1038 2861 columnae,
1067 2806 1171 2850 fortasse
1191 2819 1232 2849 nec
1252 2807 1302 2860 ipse

193 2874 306 2918 concedet
323 2873 465 2927 Paldarnns,
497 2874 537 2918 ubi
561 2877 699 2920 adolescens
716 2889 848 2934 generosus
866 2877 942 2934 magis
960 2877 1032 2921 etlam
1051 2876 1154 2920 imbutus
1172 2877 1218 2920 erik
1235 2880 1301 2927 arte,

193 2954 278 2998 sensu,
302 2956 414 2988 sermone
433 2943 573 2990 balteorum
591 2947 724 3001 poetarum.
761 2943 809 2990 Ed.
822 2946 867 2992 ult.
