2948 4820
1201 181 1263 244 387

232 337 404 403 Tendimus
427 349 460 401 ct
481 348 606 402 torvam
629 338 755 401 Boreae
777 325 921 422 glacialis
943 341 983 400 ad
1005 339 1154 414 Arcton,

266 511 273 526 ‚
318 438 488 524 Canacque
506 450 635 518 ‚montes
656 439 826 504 nursiae?

231 541 323 607 Dixit
345 553 378 605 et
398 542 526 605 incusso
549 543 767 606 sacrasvelut
788 541 883 606 Isidis
905 555 977 606 ante

317 644 422 709 Sistro
444 645 533 709 sores
556 643 697 709 evanuit.
1223 644 1265 709 90

233 749 304 811 Nec
325 758 361 809 tn
382 747 475 829 plura
497 747 596 824 velis,
622 746 749 809 Valeri.
795 746 946 827 Quaesita
968 758 1130 811 tenemus:

318 851 455 931 Stupere
477 869 580 930 porro
603 848 723 911 desine.

233 951 319 1016 Hinc
341 952 454 1014 doctos
476 971 540 1013 non
563 951 632 1013 sola
655 950 743 1013 viros
765 949 825 1034 iam
850 951 985 1013 Graecia
1007 951 1153 1034 profert,

318 1053 388 1114 Nec
410 1053 478 1115 sola
500 1051 592 1115 tellus
615 1051 710 1115 Itala.

234 1154 319 1217 Hinc
340 1165 389 1216 est
410 1152 555 1216 multifidi
577 1153 656 1216 felix
677 1154 831 1218 industria
854 1155 975 1238 Belgae
1225 1157 1265 1220 95

318 1257 416 1319 Artes
439 1255 469 1317 in
492 1276 602 1318 omnes
623 1254 721 1320 utilis.

234 1358 319 1422 Hinc
342 1349 484 1421 Batavus
506 1358 621 1420 sollers
643 1367 675 1419 et
696 1355 868 1439 piscatoria
890 1360 1002 1436 cymba

319 1459 433 1524 Multis
455 1462 617 1523 tremenda
639 1458 805 1522 classibus.

234 1562 322 1626 Hinc
344 1561 466 1626 numeri
487 1561 595 1625 faciles
617 1574 649 1625 et
670 1561 735 1624 rasi
755 1561 879 1644 pumice
902 1571 1014 1626 versus

322 1667 497 1746 Tubaeque
519 1663 652 1748 clangor
674 1685 802 1727 aureae.
1207 1668 1268 1727 100

235 1767 321 1833 Hinc
342 1767 425 1830 inter
446 1766 564 1849 primas
587 1767 727 1831 animosa
749 1765 916 1849 tragoedia
940 1766 1045 1852 magni
1083 1826 1086 1832 .

321 1871 365 1933 Et
387 1869 553 1932 invidenda
576 1867 698 1932 Grotii.

237 1967 323 2032 Hinc
346 1979 393 2030 est
415 1967 607 2030 Sarmaticae
628 1966 742 2030 fidicen
764 1967 988 2031 celeberrimus
1012 1988 1108 2042 orae,

322 2070 389 2133 Par
412 2068 587 2134 Casirnirus
611 2069 760 2151 Orpheo.

236 2174 344 2247 lacta,
370 2170 492 2251 Tybri,
517 2183 609 2246 tuos,
634 2183 753 2253 quanto
776 2182 970 2258 potes'ore,
995 2173 1125 2254 po’e'tas:
1207 2173 1268 2234 105

320 2276 387 2338 Suo
409 2273 580 2353 triumphat
602 2271 744 2336 Vistula.
864 2263 873 2273 ’

603 2495 804 2510 “uu-t

153 2685 235 2747 XX.
273 2682 337 2746 AD
360 2680 693 2746 BARTHOLDUM
724 2681 956 2754 NIHUSIUM
978 2684 1025 2746 V.
1051 2681 1092 2747 C.
1116 2682 1269 2747 META-

567 2802 853 2866 MORPHOSIS.

228 2972 276 3068 ¹In
299 2990 383 3034 nova
406 2989 469 3031 non
492 2980 611 3032 temere
634 2979 767 3031 mutatas
791 2970 884 3034 crede
907 2970 1098 3054 Pelasgum,

323 3071 519 3146 Bartholde,
543 3070 664 3134 formas
687 3091 845 3152 corpora,

407 3173 647 3256 Qualiacunque
671 3172 766 3256 legis.

239 3310 395 3374 Nimirum
419 3333 531 3374 causae
554 3311 707 3384 subsunt,
733 3332 790 3372 cnr
811 3311 864 3374 ille
886 3311 1057 3388 iuvencus,

324 3413 415 3474 Haec
436 3433 534 3474 vacca
558 3412 626 3474 liat.
674 3410 820 3494 Corripit
1252 3414 1270 3476 5
1380 3476 1383 3482 ,

408 3511 563 3577 Proxima
584 3513 689 3576 forma
713 3534 842 3577 novam.

240 3654 393 3739 Obriguit
415 3655 544 3727 Battus;
568 3655 624 3716 set
646 3651 717 3716 duri
739 3652 876 3716 rusticus
900 3651 979 3717 oris.

323 3758 453 3840 Lupum
476 3757 611 3836 Lycaon
633 3754 801 3838 exprimit,
918 3837 921 3844 .

407 3857 544 3924 Saevior
566 3869 636 3921 ante
658 3857 750 3940 lupo.

239 4002 346 4064 Instar
367 4001 483 4064 montis
506 3998 599 4063 Atlas
621 3997 659 4061 flr
679 4017 788 4063 mons:
812 3996 849 4060 lit
871 4011 986 4059 aranea
1009 3992 1137 4060 textrix.
1232 3994 1272 4054 10

408 4204 487 4266 Flos
511 4202 709 4284 Hyacinthus
737 4213 818 4264 erat.
