2946 4816
247 210 312 278 138

245 370 407 444 Furnosos
429 361 571 450 equitum
593 383 664 428 cum
686 358 842 428 dictatore
865 359 1054 446 magistros,

245 471 280 536 Si
302 491 410 536 coram
432 465 569 550 Lepidis
590 464 671 528 male
693 461 836 529 vivitur?
858 463 990 549 Effigies
1009 485 1077 550 quo

246 575 314 640 Tot
335 571 546 646 bellatorum,
570 566 597 631 ai
619 566 738 631 luditur
759 567 826 632 alea
847 587 979 648 pernox

245 679 331 741 Ante
353 668 590 738 Numantinos?
611 668 639 734 ei
660 668 802 740 dormire
822 668 935 752 incipis
956 679 1033 734 ortu

244 775 408 852 Luciferi,
432 794 497 859 quo
519 772 608 857 signa
631 772 727 836 duces
750 781 781 835 et
802 781 907 834 castra
929 771 1128 838 movebant?

244 878 315 944 Cur
337 873 560 961 Allobrogicis
582 885 614 937 et
637 893 748 960 magna
771 875 908 958 gaudeat
931 893 987 938 ara

244 981 347 1046 Natus
368 977 401 1042 in
423 976 587 1042 Herculeo
609 974 729 1040 Fabius
751 976 839 1052 lare,
863 975 890 1040 ei
911 975 1064 1058 cupidus,
1087 974 1115 1046 si

242 1083 357 1146 Ventis
380 1091 411 1145 et
434 1081 587 1164 Euganea
609 1077 815 1163 quantumvis
837 1077 965 1142 mollior
987 1076 1097 1164 agna?

243 1185 278 1249 st
300 1196 442 1249 tenerum
465 1180 591 1246 attritus
615 1178 777 1245 Catinensi
799 1178 924 1262 primice
947 1180 1087 1244 lumbum

243 1286 433 1371 Squaleotes
455 1285 594 1348 traducit
615 1302 695 1347 avos
717 1294 909 1368 emptorque
933 1281 1048 1347 veneni

244 1389 439 1469 Frangenda
463 1384 609 1450 miseram
631 1383 772 1450 funestat
792 1385 930 1469 imagine
952 1384 1105 1470 gentem?

243 1493 330 1556 'sota
355 1490 428 1554 licet
450 1500 577 1552 veteres
600 1497 757 1552 exornent
780 1487 920 1572 undique
942 1507 1037 1552 cerae

242 1592 357 1670 Atria,
382 1590 534 1658 nobilitas
554 1589 623 1656 sola
646 1599 694 1653 est
716 1599 813 1673 atque
835 1589 930 1653 unica
954 1590 1067 1654 virtus.

244 1695 377 1760 Paullus
399 1695 451 1758 vel
475 1692 599 1758 Cossus
621 1689 674 1755 vel
696 1689 824 1754 Drusus
847 1690 990 1755 moribus
1015 1703 1108 1756 esto:

243 1796 315 1860 Hos
339 1806 411 1859 ante
434 1794 555 1878 effigies
576 1793 732 1858 maiorum
754 1813 840 1875 pone
863 1795 1011 1858 urorum!

242 1899 443 1963 Praecedant
463 1896 549 1979 ipsas
570 1895 635 1974 ilii,
659 1906 689 1960 te
712 1894 866 1970 consule,
891 1894 1016 1980 virgas.

242 1999 352 2066 Prima
375 1997 451 2061 mibi
473 2000 570 2062 debes
593 1995 688 2060 animi
709 1999 808 2061 bona.
853 1998 988 2061 Sanctus
1011 1997 1122 2062 baberi

242 2101 451 2186 iustitiaeque
472 2111 568 2165 tenax
588 2098 683 2163 factis
704 2097 859 2180 dictisque
882 2097 1034 2175 mereris,

243 2204 405 2288 Agnosco
426 2222 607 2285 procerem.
651 2201 766 2275 Salre;
791 2200 977 2276 Gaetulice,
1001 2221 1059 2265 seu
1081 2211 1116 2264 tu

146 2335 149 2342 ·
244 2305 389 2382 Silanus,
414 2321 605 2388 quocunque
628 2301 691 2367 alio
714 2305 754 2366 de
776 2303 929 2388 sanguine
950 2321 1043 2366 rarus

246 2407 338 2474 Civis
361 2418 393 2472 et
414 2405 563 2491 egregius
585 2405 710 2488 patriae
732 2402 891 2488 contingis
914 2405 1047 2470 ovanti:

243 2619 316 2664 maie.
335 2618 415 2663 schol.
437 2617 586 2663 retinendum
614 2617 703 2662 suadeo
728 2629 772 2662 nec
794 2617 818 2661 iu
842 2613 966 2662 deducere
990 2619 1129 2664 mutandum
1148 2633 1203 2666 cum
1227 2620 1288 2668 Gdd.
1308 2625 1369 2684 aliq.

245 2686 353 2748 Virgum
378 2691 444 2732 recte
473 2687 643 2742 interpretatur
659 2685 733 2731 Web.
758 2686 787 2730 ds
811 2686 886 2729 remis
913 2699 934 2730 s.
961 2685 1030 2730 lineis
1060 2687 1083 2732 in
1108 2687 1188 2733 tabula
1210 2693 1371 2752 genealogica

243 2757 432 2802 discurrentibus
456 2758 486 2801 ad
510 2756 626 2814 imagines
650 2756 726 2812 pictas
747 2759 771 2800 et
801 2755 955 2813 cognationes
983 2756 1141 2815 signantibus.
1161 2758 1207 2804 Cd.
1233 2759 1368 2816 Scriverii,

229 2827 367 2871 Gbemnic.
386 2831 410 2872 et
429 2827 513 2870 tertius
530 2824 641 2870 Oberliui
654 2824 737 2878 (Ouid.
750 2823 813 2880 Epp.
830 2837 860 2868 eu
876 2824 957 2868 Ponto
972 2839 998 2886 p.
1017 2824 1088 2882 XV.)
1105 2825 1193 2872 babeat
1209 2826 1368 2885 Fabricium,

191 2903 196 2910 ¹
242 2896 306 2952 quod
323 2894 477 2940 substitutum
496 2900 532 2940 est
552 2894 582 2938 ab
599 2895 645 2949 iis,
676 2893 761 2952 quibus
782 2893 923 2948 displicebat
944 2894 1064 2940 Cerrinus
1086 2895 1197 2942 iteratus.
1243 2899 1292 2943 Sex
1319 2903 1368 2945 mei

243 2964 305 3009 Cdd.
325 2964 386 3008 hunc
410 2977 433 3008 r.
459 2965 573 3008 omittunt
596 2963 654 3008 satis
677 2963 801 3025 dolensem
825 2975 838 3005 a
860 2963 946 3021 Pinzg.
993 2963 1072 3009 liabet
1089 2978 1144 3010 eum
1167 2971 1293 3022 praestans
1321 2969 1369 3013 Cd.

244 3032 360 3076 einsiedt.
389 3031 420 3076 G.
444 3033 467 3076 in
489 3034 537 3077 ima
559 3033 683 3091 paginae
703 3045 775 3078 manu
798 3032 917 3085 secunda,
949 3033 991 3078 sed
1017 3035 1167 3091 perantiqua.
1220 3035 1243 3080 ls
1274 3049 1371 3095 quoqne

243 3101 398 3160 contingere.
420 3101 482 3146 Tum
500 3101 641 3147 ABCDEG.
660 3098 799 3155 d'cmcaoe,
819 3113 879 3145 naas
896 3101 927 3146 P.
946 3098 1147 3162 rectesemeeoa.
1168 3100 1209 3153 1³.
1229 3105 1261 3162 Q.
1276 3105 1369 3151 Fabius

244 3169 311 3214 Mur.
332 3169 516 3229 Allobrogicus,
536 3171 620 3216 conani
638 3184 663 3216 u.
687 3183 709 3214 c.
732 3167 790 3215 ⁶32.
810 3161 885 3216 tilium
904 3169 986 3215 habuit
1005 3171 1036 3228 Q.
1059 3171 1120 3217 dab.
1140 3173 1208 3220 utu.
1228 3174 1368 3229 Persicum,

243 3239 281 3285 cui
304 3239 336 3282 ob
351 3240 468 3294 perditam
483 3241 603 3284 luxuriam
619 3241 650 3297 Q.
668 3240 815 3294 Pompeius,
846 3244 945 3298 praetor
966 3240 1089 3296 urbanus,
1109 3243 1215 3298 paternis
1236 3242 1309 3288 bouis
1332 3246 1370 3289 in·

243 3308 350 3354 terdixit.
369 3309 425 3354 111.
443 3309 511 3355 Max.
532 3305 562 3364 ³,
583 3308 607 3364 5,
629 3307 653 3364 2,
675 3305 699 3364 ³,
721 3305 746 3363 6,
767 3305 829 3354 627·
865 3308 970 3364 Fabius,
1000 3315 1085 3356 auctor
1101 3312 1181 3370 gentis
1199 3311 1309 3366 Fabiae,
1339 3327 1370 3360 eu

243 3378 345 3424 Hercule
364 3382 388 3423 et
406 3378 534 3434 Vinduna,
561 3377 667 3422 Evandri
683 3375 749 3432 filia,
774 3382 843 3423 natue
861 3377 1040 3434 perhibebatur.
1059 3380 1104 3426 Sil.
1124 3377 1150 3434 2.
1171 3376 1196 3426 ³.
1251 3377 1294 3428 15.
1314 3380 1370 3428 Aru

241 3459 338 3507 magno
364 3447 512 3508 frequentius
536 3448 662 3502 marrineio.
709 3447 820 3492 Attamen
846 3447 925 3492 Tacit.
950 3447 1012 3493 Ana.
1043 3445 1091 3504 15,
1121 3446 1164 3495 11.
1199 3447 1301 3510 Magna
1319 3465 1370 3496 cru

237 3512 393 3577 senumque,
423 3530 486 3576 pune
505 3516 640 3576 praesenti
661 3513 767 3560 Herculi
790 3514 872 3562 Arcus
895 3513 1015 3561 Euander
1038 3523 1196 3566 aucruecrot.
1245 3517 1371 3580 Euganei

243 3587 346 3641 populus
366 3587 431 3630 inter
449 3586 549 3631 Atbsain
575 3590 599 3630 et
615 3585 713 3629 Larium
729 3586 818 3630 lacum.
869 3581 910 3630 tt.
930 3582 1019 3630 Cutina
1036 3599 1057 3632 s.
1078 3587 1169 3632 Catane
1189 3587 1287 3633 Siciliae
1308 3603 1369 3646 opp.

243 3667 317 3710 prope
336 3653 446 3699 Aetnam.
494 3653 536 3702 ll.
564 3651 685 3712 troducit]
704 3651 881 3708 „dedecorat”
908 3653 991 3699 Schol.
1011 3677 1043 3689 -
1066 3654 1185 3712 producit
1200 3669 1285 3702 omues
1307 3659 1368 3703 anei.

243 3720 287 3771 21.
306 3721 402 3769 Faetus
420 3723 552 3779 Aemiliae,
577 3719 670 3768 0111111
689 3723 833 3778 Corneliae,
853 3720 956 3768 Drusus
975 3723 1089 3770 Claudiae
1106 3727 1185 3782 gentis
1210 3727 1369 3784 cognomina.

242 3789 287 3839 21.
325 3790 407 3847 ,milei
433 3791 518 3852 deber]
549 3785 743 3854 ὀφλισκάνεις
775 3803 840 3855 μοι,
874 3804 948 3848 porco
974 3807 990 3838 a
1019 3793 1070 3842 ta·”
1099 3793 1132 3840 G.
1164 3794 1195 3839 tt.
1231 3793 1370 3841 Weberns.

243 3858 286 3906 26.
305 3860 423 3922 Agnosco
439 3861 580 3920 procerem]
606 3861 652 3918 ,Si
670 3861 784 3906 honestus
800 3860 891 3916 leeris,
912 3866 966 3906 tuuc
983 3865 1007 3906 te
1025 3862 1157 3918 principem
1175 3875 1243 3922 meaa
1262 3863 1371 3909 civitatis
1462 3913 1463 3927 χ

243 3930 346 3974 dieaan.”
363 3931 445 3976 sebui.
465 3938 546 3986 recte,
566 3943 667 3987 prorsus
684 3935 710 3976 ut
727 3929 818 3983 st.‚
837 3930 866 3974 ad
885 3930 986 3975 verbum
998 3931 1120 3986 mereris,
1139 3936 1194 3987 post
1212 3932 1276 3989 quod
1293 3935 1371 3992 uulgo

242 3999 361 4057 interrog.
381 4000 477 4059 siguum
488 4005 596 4057 ponant,
613 4001 640 4044 ee'
656 4001 779 4055 supplens.
799 3999 862 4042 'l'um
881 4000 944 4044 idem
962 4000 1044 4047 Scluat.
1063 4002 1122 4046 satis
1141 4001 1244 4048 uindicat
1258 4004 1372 4047 omnium

242 4067 304 4112 Cdd.
324 4068 380 4113 lect.
395 4081 537 4125 proceram.
574 4069 636 4126 Quia
653 4067 705 4115 lere
724 4069 819 4114 unicum
837 4067 883 4112 lace
903 4069 1039 4124 exemplum
1054 4081 1078 4113 r.
1093 4081 1188 4128 procer
1202 4083 1269 4114 num.
1288 4072 1370 4130 sing..

242 4135 365 4192 Reisigius
387 4137 496 4186 volebat:
527 4137 654 4199 Agnosco.
700 4138 855 4192 Procerum,
884 4137 955 4184 aulea
983 4134 1126 4184 Gaetulice.
1155 4157 1190 4172 -·
1215 4135 1371 4186 Gaetulicus
1461 4169 1462 4186 t

242 4217 375 4262 cognomen
399 4205 429 4250 C.
456 4207 563 4254 Cornelii
594 4207 690 4254 Lentuli
711 4207 783 4252 Cossi
804 4206 872 4252 Flac.
893 4202 924 4260 l,
954 4204 1002 4261 ¹2,
1033 4203 1076 4252 tt.
1107 4207 1212 4252 Silenus
1229 4221 1370 4267 cognomen
1461 4253 1462 4279 ,

242 4273 317 4318 lutiae
333 4273 422 4331 senile·
472 4273 515 4324 28.
534 4276 672 4335 „contingis
693 4275 784 4332 patriae
805 4276 834 4320 de
855 4279 879 4321 te
901 4274 947 4320 sibi
968 4277 1153 4334 congratulanti.
1190 4277 1275 4322 'l'atem
1302 4278 1323 4321 11
1343 4281 1370 4321 te
