2946 4816
247 211 309 274 212

247 371 360 433 Verba
383 380 479 452 togae
500 365 661 452 sequaris,
686 365 831 430 iunctura
854 365 984 430 callidus
1006 363 1092 443 acri,

249 472 317 536 Ore
340 483 425 535 teres
448 469 594 546 modico,
619 469 774 551 pallentes
797 471 911 532 radere
933 489 1039 534 utores

248 574 373 639 Doctus
397 586 431 636 et
448 573 588 656 ingenuo
611 572 735 652 culpam
758 569 898 654 deligere
919 571 1010 636 ludo.

249 675 334 740 Hinc
356 677 465 750 trahe,
491 694 571 758 quae
592 673 698 736 diras:
723 693 911 758 mensasque
933 674 1076 758 relinque
1099 674 1245 754 Mycenis

249 778 329 845 Cum
353 779 455 860 capite
478 788 508 839 et
530 775 686 856 pedibus,
711 775 900 859 plebeioque
922 775 1055 856 prandia
1079 775 1202 838 noris.’'
1227 810 1265 820 -

249 881 323 945 Non
347 879 491 965 equidem
515 879 578 942 hoc
600 881 734 953 studeo,
760 877 884 940 bullatis
907 891 941 940 ut
964 878 1039 940 mihi
1062 878 1154 962 nugis

251 981 374 1066 Pagina
397 992 560 1065 turgescat
582 983 658 1042 dare
679 982 805 1062 pondus
828 979 943 1044 idonea
965 980 1077 1055 lumo;
1153 1015 1157 1024 ·
1325 980 1367 1041 20

251 1083 374 1148 Secreti
391 1084 568 1166 loquimur.
614 1081 688 1145 Tibi
711 1102 813 1158 nunc,
837 1083 985 1146 hortante
1008 1083 1169 1159 Camena,

249 1188 446 1250 Excutienda
469 1188 579 1248 damus
602 1183 809 1268 praecordia3
833 1197 1013 1269 qsrantaque
1036 1197 1164 1250 nostrae

250 1291 332 1353 Pars
356 1301 408 1351 tua
431 1287 488 1365 sit,
515 1287 678 1366 Cornuto,
703 1285 839 1362 animae,
864 1287 942 1364 tibi,
968 1288 1067 1350 dulcis
1090 1288 1211 1362 amice,

251 1390 437 1457 ostendisse
460 1391 558 1453 iuvat.
603 1390 724 1463 Pulsa,
750 1389 939 1473 dignoscere
962 1402 1071 1453 cautus

251 1493 337 1574 Quid
358 1493 492 1556 solidum
516 1503 628 1574 crepet
650 1503 680 1554 ct
702 1491 806 1571 pictae
828 1491 963 1556 tectoria
988 1493 1126 1576 linguae.
1328 1491 1368 1552 25

249 1597 314 1659 Hic
336 1615 400 1679 ego
423 1607 572 1658 centenas
595 1593 694 1656 ausim
717 1595 893 1676 deposcere
916 1615 1032 1669 voces,

251 1701 315 1774 Ut,
340 1708 490 1782 quantum
514 1697 588 1760 mibi
611 1708 641 1758 te
664 1695 794 1760 sinuoso
817 1698 848 1758 in
870 1708 1003 1780 pectore
1025 1697 1097 1772 fixi,

250 1801 344 1864 Voce
367 1801 487 1862 traham
510 1819 590 1880 ptura
614 1810 780 1880 totumque
802 1801 865 1862 boc
888 1802 985 1862 verba
1008 1799 1190 1884 resignent,

250 1903 348 1982 Quml
370 1902 445 1964 latet
468 1921 579 1963 arcana
604 1921 666 1963 uon
691 1902 870 1964 enarrabile
893 1901 985 1964 libra.
1009 1935 1049 1946 -—

250 2004 356 2083 Quom
379 2003 514 2085 primum
536 2002 653 2084 pavido
677 2014 785 2065 custos
809 2003 883 2066 mibi
905 2025 1048 2087 prtrpura
1072 2005 1165 2067 cessit
1330 2006 1371 2067 30

250 2105 411 2189 Bullaque
434 2105 601 2170 succinctis
622 2103 764 2167 Laribus
787 2107 901 2170 donata
924 2107 1093 2188 pependit;

250 2208 356 2287 Quom
379 2207 486 2269 blandi
508 2206 659 2281 comites,
684 2217 815 2290 totaque
838 2206 964 2288 impune
987 2209 1130 2270 Subnrra

192 2290 201 2305 ’
251 2308 402 2374 Permisit
423 2308 575 2389 sparsisse
598 2307 711 2372 oculos
733 2309 793 2371 iam
816 2309 965 2371 candidus
987 2312 1106 2373 umbo:

251 2411 421 2498 Quomque
442 2412 503 2473 iter
526 2409 703 2494 ambiguum
728 2421 775 2474 est
798 2422 829 2473 et
852 2411 934 2474 vitae
957 2411 1081 2474 nescius
1104 2432 1197 2475 error

250 2511 382 2578 Diducit
403 2513 542 2595 trepidas
564 2533 689 2576 ramosa
711 2511 743 2575 in
767 2512 906 2593 compita
930 2525 1068 2588 mentes,
1330 2517 1372 2580 35

323 2730 365 2778 15.
393 2730 470 2790 teres]
502 2733 563 2776 Cod.
587 2745 647 2776 uuus
668 2731 810 2776 Acbaintrii.
837 2754 870 2764 —
898 2732 961 2776 teris
980 2731 1070 2777 Omnes
1091 2734 1147 2778 rnsi.
1187 2729 1228 2777 ll.
1251 2754 1279 2764 -
1298 2731 1375 2779 dices

251 2807 282 2848 V.
303 2805 462 2861 (incusatque
476 2800 566 2846 Omnes
584 2795 657 2861 mei.)
694 2800 736 2847 19.
758 2821 787 2833 -
807 2797 848 2844 bic
864 2799 950 2846 studeo
968 2800 1021 2845 ΤΑ.
1058 2801 1094 2845 lb.
1114 2799 1227 2859 bullatis]
1247 2802 1373 2860 TVSAM.

251 2893 285 2910 -
300 2872 408 2929 pullatis
426 2871 478 2915 RE.
499 2872 598 2928 „sieque
618 2871 766 2930 Cornutnslf
783 2870 812 2914 F.
861 2867 903 2918 21.
924 2891 953 2903 -
973 2870 1072 2914 Seri-ete
1093 2870 1124 2915 li.
1175 2869 1217 2915 24.
1237 2870 1375 2915 dinoscere

251 2942 321 2986 Esn.
340 2960 371 2977 -
388 2939 534 2984 disnoscere
549 2940 579 2983 ll.
626 2935 668 2984 25.
688 2937 803 2998 tectorio]
823 2939 920 2984 'rsnnt
943 2960 971 2972 -
988 2941 1112 2996 plectoriu
1133 2940 1208 2984 RVE.
1247 2937 1288 2984 26.
1307 2939 1374 3000 Hic]

252 3009 327 3054 tnv.
349 3029 376 3042 -
399 3008 447 3054 His
465 3006 667 3053 ssa-Hora
689 3007 731 3053 28.
751 3007 796 3052 tor
812 3005 897 3067 verbu]
915 3007 1083 3053 ism-tusc
1102 3022 1124 3052 o.
1145 3009 1263 3053 'rusam
1283 3009 1321 3054 lb.
1337 3031 1376 3044 -··

251 3079 366 3137 resignat
382 3079 408 3123 S.
447 3074 488 3122 32.
510 3084 545 3121 Ξ
564 3076 664 3122 Subur-u
679 3077 754 3122 Esm.
774 3102 807 3111 —
823 3077 915 3122 subire
933 3080 965 3122 V.
984 3098 1017 3110 -·
1035 3078 1080 3122 sub
1100 3077 1188 3122 umbra
1204 3079 1232 3122 li.
1271 3075 1312 3122 33.
1337 3103 1373 3113 —

248 3147 375 3191 Permittit
391 3147 443 3191 ΤΑ.
483 3144 524 3196 34.
544 3167 571 3182 -
590 3146 736 3206 ambiguum
753 3153 777 3192 et
794 3147 825 3191 Τ.
846 3147 881 3191 lb.
902 3168 935 3182 -
954 3145 1046 3191 horror
1064 3147 1094 3191 F.
1142 3145 1182 3192 35.
1202 3145 1316 3205 Diducit]
1339 3149 1372 3193 E.

249 3215 351 3261 deducit
369 3217 509 3262 TRVSAM.

323 3375 363 3424 15.
389 3379 451 3423 teris
473 3379 502 3422 P.
553 3375 593 3423 ll.
614 3390 773 3436 emensumque
796 3390 817 3422 r.
869 3373 910 3421 20.
934 3378 1040 3436 pollutis
1058 3377 1087 3422 P.
1138 3374 1180 3421 26.
1200 3375 1248 3422 His
1266 3377 1372 3424 rwl'W.

254 3445 294 3492 32.
316 3447 415 3492 Subrsru
435 3449 465 3492 Ρ.

249 3540 399 3554 fi

321 3590 362 3637 il.
384 3589 465 3635 Verbo
483 3595 556 3649 togas
580 3586 705 3648 sequeris]
724 3590 793 3648 Toga
812 3594 848 3635 est
864 3602 950 3645 purum
969 3589 1081 3644 pallium,
1112 3589 1190 3632 torma
1208 3590 1324 3643 rotunda,
1349 3597 1376 3636 et

249 3663 341 3705 tusiors
357 3665 427 3718 atque
445 3661 571 3703 inundante
591 3659 664 3714 sinu;
685 3664 708 3702 et
726 3660 770 3703 sub
786 3661 870 3704 dextro
889 3659 1001 3712 veniens,
1020 3671 1093 3712 super
1105 3658 1231 3702 humerum
1243 3659 1374 3704 sinistrum

249 3732 360 3785 ponitur:
380 3731 447 3774 cuius
465 3727 643 3772 similitudinem
660 3729 683 3771 in
702 3729 858 3781 operimentis
879 3729 1064 3772 simulacrorum
1080 3730 1117 3771 vel
1138 3728 1285 3781 picturarum
1304 3731 1374 3784 aspi-

249 3801 342 3853 cimus,
363 3812 449 3856 easque
471 3802 561 3841 statuas
583 3801 675 3856 togatus
693 3809 816 3844 vocamus.
863 3797 932 3856 Toga
948 3809 1007 3840 vero
1025 3795 1127 3840 Romani
1145 3797 1169 3840 in
1190 3809 1248 3850 pace
1269 3795 1373 3842 uteban.

249 3873 302 3922 tur,
322 3870 346 3912 in
357 3869 420 3914 bsllo
434 3868 615 3922 paludamentis.
641 3868 754 3910 Mensura
764 3871 833 3924 togae
847 3867 923 3910 iustas
936 3878 1006 3909 senas
1017 3867 1084 3908 ulnus
1094 3864 1205 3908 babebat.
1226 3863 1268 3909 22.
1284 3863 1374 3925 (loan-

250 3944 321 3995 taque
337 3936 514 3982 nostruePurs
528 3941 570 3980 tuo
588 3937 631 3988 sit,
646 3933 760 3989 Cornuto,
774 3933 884 3993 animae]
906 3936 1028 3980 Sententia
1041 3935 1203 3992 aPytlragora
1221 3933 1312 3996 tracta,
1333 3937 1371 3979 di-

248 4007 345 4048 midium
360 4007 451 4050 uulrnue
467 4018 523 4049 suae
542 4010 635 4060 purtem
657 4005 713 4047 dicit
731 4005 878 4058 Cornutum,
911 4009 937 4048 ut
951 4002 1064 4047 llorntius
1083 4003 1122 4058 (C.
1145 4002 1169 4057 1,
1191 3999 1216 4056 3,
1237 4001 1274 4056 8.)
1311 4005 1371 4048 Vir·

249 4073 349 4131 gilium}
374 4072 408 4118 Er
430 4087 516 4119 serres
539 4074 640 4117 unimus
664 4072 796 4118 dimidium
814 4085 895 4116 mene.
938 4069 980 4116 ³1.
1005 4072 1147 4116 Succinctis
1165 4071 1286 4130 Eurinus]
1306 4074 1371 4129 Quia

249 4141 343 4186 Gabino
359 4142 440 4186 babitu
456 4145 579 4200 cinctuque
597 4143 628 4186 dii
645 4147 742 4197 penates
760 4142 937 4195 formabantur,
958 4141 1065 4184 obvoluti
1083 4147 1137 4200 toga
1153 4153 1226 4195 snper
1241 4143 1369 4187 humerum

246 4211 386 4266 sinistrum,
418 4214 502 4255 dextro
530 4213 603 4256 nudo.
654 4208 695 4256 3³.
715 4207 843 4255 Candidus
874 4208 955 4269 nimbo]
983 4205 1198 4270 συνεκδοχικῶς
1226 4223 1271 4266 pro
1299 4216 1366 4269 toga.

249 4279 361 4336 Alioquin
382 4286 406 4326 et
420 4281 444 4325 in
463 4285 585 4335 praetexta
604 4281 717 4325 candidus
734 4279 805 4324 umbo
824 4285 869 4325 est.
