2946 4816
1208 209 1268 274 199

145 377 221 442 Hos
243 373 352 459 pueris
375 374 512 462 monitus
533 382 640 456 patres
662 369 829 436 infundere
850 371 956 455 lippos

148 480 257 560 Quom
280 479 404 556 videns,
429 475 615 562 quaerisne,
641 476 723 538 unde
744 475 824 538 haec
845 486 977 559 sartago
1001 472 1153 558 loquendi
1227 474 1268 536 80

147 581 288 646 Venerit
309 581 340 644 in
361 578 513 664 linguas?
535 580 619 642 unde
638 576 723 641 istuc
744 578 899 654 dedecus,
924 575 956 638 in
978 597 1043 658 quo

150 685 325 752 Trossulns
348 683 487 746 exsultat
508 680 568 744 libi
589 701 648 762 per
668 679 818 743 subsellia
841 678 944 744 levis?
966 711 1006 722 ·-

148 787 247 851 Nilne
268 789 366 868 pudet
389 782 486 866 capiti
507 803 572 846 nnn
594 799 690 864 posse
713 781 855 863 pericula
879 803 960 845 cano

150 890 297 966 Pellene,
323 886 398 972 quin
421 886 561 969 tepidum
584 887 647 947 hoe
670 895 762 966 optes
785 883 894 948 audire
916 886 1135 959 „decertent”

151 993 295 1068 Fures,
321 990 363 1054 nit
385 989 500 1057 Pedio.
522 1020 564 1032 -
586 984 704 1052 Pedius
727 984 827 1070 quid?
849 1020 890 1032 —
915 985 1059 1051 Crimina
1078 987 1157 1051 rasis
1228 989 1269 1054 85

150 1094 268 1182 Librnt
289 1091 321 1156 in
344 1091 513 1173 antithetis.
556 1089 678 1155 Doctae
700 1087 846 1171 posuisse
869 1088 989 1174 ligures
1095 1095 1099 1104 '

149 1199 330 1276 Laudatur.
360 1230 401 1242 —
429 1192 553 1259 Bellum
583 1193 668 1257 hoc!
690 1225 732 1236 —
763 1192 886 1255 Bellum
917 1190 1006 1258 hoc?
1029 1213 1086 1269 eo,
1111 1193 1267 1269 Romule,

995 1294 1120 1358 ceres?

150 1404 234 1467 Men
257 1412 383 1468 movent
406 1401 523 1488 quippe
546 1412 596 1477 et,
620 1410 727 1464 cantet
747 1398 775 1462 si
797 1397 989 1482 naufragus,
1013 1418 1113 1460 assem

150 1503 374 1570 Protulerim?
397 1502 534 1580 Cantas,
559 1523 658 1590 quom
677 1501 780 1566 fracte
802 1511 834 1564 te
855 1499 888 1562 in
910 1501 1000 1563 trabe
1023 1498 1142 1582 pictum

151 1607 208 1670 Ex
228 1608 362 1670 humero
385 1604 522 1688 portes?
544 1607 686 1681 Verum,
711 1626 769 1667 nec
791 1613 886 1666 nocte
909 1613 1053 1684 peretum
1231 1605 1271 1666 90

151 1708 321 1783 Plorabit,
345 1706 400 1792 qui
424 1729 471 1771 me
496 1708 584 1772 volet
606 1707 789 1784 incurvasse
810 1691 953 1788 quereln'.
977 1737 1019 1748 -
1118 1711 1122 1718 ’

151 1811 241 1886 „Sed
262 1809 400 1875 numeris
424 1813 522 1874 decor
545 1820 592 1873 est
614 1819 646 1872 et
668 1809 814 1872 iunctura
836 1805 940 1870 addita
963 1807 1082 1870 crudis.

151 1911 314 1978 Claudere
336 1911 383 1974 sic
403 1933 532 1975 versum
555 1909 682 1974 didicit:
705 1910 933 1996 Berecyntius
954 1909 1083 1985 Attis„

152 2017 223 2079 Et:
247 2014 307 2099 qui
328 2016 525 2077 caeruleum
546 2013 730 2076 dirimebat
748 2001 878 2081 Nerea*
890 2010 1047 2095 delphin,

152 2117 229 2182 Sic:
252 2128 385 2181 costam
405 2119 511 2199 longo
531 2114 761 2178 subduximus
783 2098 978 2198 Apennino.
1027 2149 1029 2154 v
1144 2161 1147 2168 ,
1213 2121 1274 2183 ·95

152 2220 418 2294 Armenicum,
442 2239 547 2282 nonne
569 2219 632 2283 hoc
653 2237 836 2300 spumosum
860 2216 891 2280 e't
913 2216 1034 2282 cortice
1056 2218 1184 2304 pingui,

225 2427 267 2475 nt.
287 2454 320 2463 -
339 2443 414 2476 unum
432 2429 493 2475 lnce
512 2433 539 2476 s:
558 2453 591 2466 --
611 2430 675 2477 unde
693 2437 798 2494 namugo
817 2433 851 2480 Τ.,
898 2430 940 2476 81.
960 2429 1036 2491 istnc]
1055 2435 1132 2478 vetio.
1155 2443 1187 2478 =
1205 2433 1281 2480 istud

150 2503 219 2546 Cett.
240 2521 270 2533 -
295 2513 371 2544 renum
395 2499 465 2545 ietnd
488 2500 569 2545 debeo·
589 2501 616 2545 in
639 2515 686 2561 qrtn
704 2504 729 2548 S.
786 2501 827 2548 82.
849 2501 975 2546 ‘erremus
993 2504 1029 2546 Μ.
1051 2521 1084 2536 -·
1104 2501 1224 2547 Troeilne
1240 2503 1271 2549 T.

153 2594 189 2603 —
217 2568 348 2613 Trneeilne
373 2569 403 2614 Α.
432 2591 465 2604 ·-
497 2568 638 2614 Tirneulnn
662 2571 692 2616 ll.
721 2595 754 2606 -
771 2570 879 2616 doctrine
895 2572 921 2615 S.
976 2569 1072 2616 83η-
1090 2571 1127 2617 nil
1144 2585 1220 2629 poree
1241 2573 1270 2616 Ε.

151 2635 197 2684 84.
216 2635 382 2696 -trepidnne
394 2641 425 2684 V.
444 2639 695 2686 ntvnlebatGasnub.
734 2639 1138 2698 8⁶.-doctnsScatig.n10nti.
1177 2639 1218 2685 87.
1241 2665 1271 2678 -

149 2707 273 2753 tendutur
288 2709 367 2754 Velie.
384 2709 414 2752 Ut
431 2723 475 2755 nos
484 2740 491 2762 ,
511 2710 541 2754 Τ.
564 2709 599 2754 lb.
614 2733 647 2770 7—
657 2710 749 2754 bellum
763 2717 809 2756 ut.
847 2723 881 2752 nn
892 2707 961 2754 Rern.
978 2710 1120 2754 RVESAM.
1132 2708 1274 2755 -Iiornole

152 2781 187 2823 Τ.
225 2775 267 2822 88.
288 2801 321 2812 -
339 2783 363 2822 et
374 2779 399 2822 ei
410 2783 493 2824 cantet
504 2779 534 2822 Ε.
572 2776 614 2823 89.
631 2779 844 2824 -Protnlerol'.
884 2779 919 2823 lb.
939 2801 975 2841 -q
991 2786 1014 2822 te
1028 2779 1099 2822 trube
1112 2781 1142 2824 Τ.
1182 2778 1273 2824 91.·-
1312 2779 1314 2786 ’

151 2849 289 2892 discurrere
303 2847 333 2896 Τ.
361 2845 414 2896 ,93.
442 2847 680 2893 -'didieitrerenm
692 2851 723 2894 V.
769 2850 805 2893 lb.
826 2847 901 2908 Attis]
921 2850 998 2893 Velie.
1020 2851 1051 2892 V.
1072 2873 1105 2882 —
1124 2849 1174 2893 ntis
1188 2849 1218 2892 T.
1240 2869 1273 2880 -·

151 2914 223 2962 otiis
240 2917 336 2961 RSAM.
358 2938 386 2948 -
407 2917 463 2961 neit
480 2917 510 2960 Ε.
530 2916 574 2972 (-
592 2916 661 2962 Attin
679 2918 739 2970 Coit.
760 2917 847 2974 Iter-n.)
893 2916 935 2964 ⁴15.
957 2939 987 2949 -
1006 2916 1159 2966 deduximus
1181 2919 1209 2967 li.
1234 2932 1273 2963 su·

152 2981 249 3043 persor.
268 2986 336 3032 eutr
362 2984 403 3032 9⁶.
423 3007 456 3018 -
474 2999 533 3031 nsnn
551 3000 582 3032 ne
598 3000 638 3044 ep.
658 2989 688 3032 Τ.
718 3011 742 3022 ·-
761 3001 841 3036 nonne
859 2993 897 3032 eet
914 3000 953 3044 ep.
970 2989 1002 3035 il.

156 3100 306 3112 ...n-...—

227 3165 268 3211 nt.
289 3165 358 3212 iilud
372 3167 487 3222 rpwPW.
535 3165 676 3214 82.‘lnerie
696 3181 733 3223 ιφ.
782 3166 824 3214 tt.
844 3168 889 3214 too
907 3168 1020 3214 beilum?
1038 3183 1071 3214 «η
1088 3185 1111 3213 r.
1133 3192 1165 3204 -
1184 3170 1276 3214 tellum

151 3235 213 3286 ul?
231 3250 264 3280 en
283 3236 328 3291 pl’.
377 3234 419 3281 88.
439 3233 499 3280 Men
521 3237 636 3282 monent?
654 3239 742 3298 quippe
761 3244 785 3285 et
802 3252 839 3296 η).
891 3236 931 3286 93.
953 3263 984 3274 -
1003 3237 1093 3286 didicit
1109 3247 1207 3287 retium
1229 3239 1273 3295 pr.

154 3307 193 3352 lb.
213 3305 279 3365 Atye
297 3305 342 3361 pr.
359 3330 393 3340 —
410 3303 478 3350 Attin
499 3319 544 3351 rw.

229 3467 271 3515 82.
291 3466 442 3528 Trneenlne]
461 3469 603 3516 Trossulum
625 3475 738 3528 oppidum
755 3477 798 3519 luit
817 3475 942 3527 Etrurine,
969 3485 1014 3517 non
1033 3475 1102 3533 longe
1129 3489 1142 3516 a
1168 3475 1272 3520 Volscis.

155 3541 208 3584 llos
221 3539 314 3596 equites
332 3540 433 3584 Romani
458 3541 509 3586 sine
529 3541 647 3596 peditibus
667 3549 845 3602 expugnarunt,
872 3544 958 3589 Nunnio
982 3545 1083 3601 quodum
1101 3545 1169 3586 duce.
1207 3541 1273 3586 Unde

155 3611 249 3666 equites
264 3610 365 3654 Romani
387 3607 506 3654 Trneertli
527 3611 581 3656 dicti
603 3617 666 3656 sunt.
705 3612 747 3658 86.
766 3613 856 3658 Liirnt
875 3605 1201 3670 in‘nntitiietieJ‘llntithetn
1220 3617 1274 3656 sunt

155 3681 231 3724 haee:
250 3677 337 3723 For-tin
351 3679 460 3746 neglecti
477 3679 591 3742 velebant
608 3683 674 3725 eolla
694 3683 799 3739 capilii:
820 3679 853 3727 Et
869 3696 917 3741 per
932 3669 1048 3742 'neglecti
1063 3680 1199 3727 volitabant
1210 3683 1275 3724 eotlu

154 3748 254 3804 capilli.
293 3748 361 3803 (‚,At.
379 3751 549 3806 νει-πρήσω
568 3749 737 3796 nolitndnntet
755 3765 779 3796 v.
796 3765 847 3810 seq.
885 3750 918 3796 Et
927 3766 974 3809 per
992 3753 1120 3812 neglectos
1138 3750 1277 3796 volitabant
1338 3779 1345 3792 .

153 3818 373 3875 reinceptum?
390 3815 469 3872 Pilh.)
513 3816 551 3863 At
569 3821 681 3878 quotiens
700 3821 789 3864 umbra
803 3822 920 3882 porrexi
933 3819 1039 3864 trachin
1057 3825 1141 3864 motu:
1161 3817 1199 3864 Ad
1217 3819 1277 3874 (Aue

156 3888 195 3932 bis
215 3885 297 3940 ritu,
329 3888 370 3930 sed
391 3885 431 3939 Ait
451 3890 474 3935 iu
501 3888 575 3933 variis
597 3890 675 3941 lectt.)
699 3889 812 3954 quotient
831 3879 920 3948 umlrid
946 3889 1057 3934 redduxi
1074 3887 1180 3934 bruenio
1198 3896 1275 3936 rnotn.
1346 3887 1348 3895 ’

155 3955 279 4001 Antilhete
302 3961 380 4001 nutem
398 3956 528 4012 istasunt,
559 3973 619 4016 quae
635 3962 719 4002 eontra
734 3973 759 4004 se
777 3951 914 4015 ponuntur‘:
945 3965 982 4013 nl,
1002 3957 1062 4002 irinc
1080 3957 1181 4015 pudor,
1203 3961 1274 4004 illine

153 4025 316 4084 petulantie:
342 4023 401 4070 ltine
418 4026 558 4082 pudicitia,
589 4027 662 4077 illinc
689 4034 819 4085 stuprum:
851 4027 910 4074 ltine
925 4008 1010 4091 fider,
1039 4027 1112 4071 illine
1126 4024 1273 4085 fraudatio.

155 4093 223 4153 (cte.
243 4097 266 4140 iu
286 4095 358 4140 Catil.
378 4092 403 4154 2,
425 4094 480 4150 ii.)
536 4093 578 4141 95.
597 4095 641 4148 Sir
661 4097 767 4157 coetum]
787 4097 875 4143 Omnia
892 4098 1023 4154 Epieornun
1050 4098 1156 4142 carmine
1173 4099 1205 4141 ita
1226 4097 1278 4141 tere

156 4169 213 4210 sunt
228 4167 376 4220 cornnositn,
407 4171 433 4211 ut
451 4166 574 4221 proximus
599 4179 641 4220 pes
661 4166 690 4210 ab
715 4169 797 4211 ultimo
816 4170 922 4220 dactylus
945 4169 992 4219 sit,
1023 4167 1129 4222 exeeptis
1149 4167 1277 4213 admodum

156 4236 255 4291 pincis,
275 4248 334 4293 quos
351 4230 596 4294 σπονὸέιάζοντας
615 4236 749 4290 appellent:
770 4243 796 4282 nt
815 4238 876 4293 epod
894 4236 1034 4282 Cornelium
1046 4237 1179 4289 Seuerum,
1198 4233 1279 4280 Pinea

147 4300 273 4364 frondoni
289 4317 361 4349 cornu
381 4309 523 4350 intermutat
539 4302 674 4363 Apennini.
695 4304 815 4360 („Siln'lnt
833 4308 893 4362 npud
909 4306 1022 4354 cnsris.²’
1039 4302 1118 4359 Pili.)
