2964 4814
213 183 273 248 196

212 341 340 408 Mobile
362 339 532 418 colluerit,
556 338 693 422 patranti
715 337 836 402 fractus
859 336 978 402 ocello.

212 447 276 510 Hic
298 465 403 530 neque
425 464 515 508 more
537 446 643 525 probo
668 441 775 505 videas
797 461 856 504 uec
879 460 959 504 voce
982 461 1096 505 serena

211 548 366 634 Ingentes
387 545 549 628 trepidare
571 543 683 621 Titos,
707 563 803 627 qinom
827 541 966 605 carmina
988 543 1129 606 lumbum
1298 544 1339 606 20

212 650 337 714 lutraut
359 661 391 712 et
411 647 549 712 tremulo
572 647 760 728 scalpuntur
782 643 837 709 ubi
857 643 968 730 intima
990 667 1098 710 versu.

212 755 308 828 Turn,
333 751 459 826 vetule,
483 747 634 814 auriculis
655 747 765 811 alienis
788 747 915 832 colligis
939 747 1052 812 escas?

212 852 395 929 muriculis,
420 851 534 936 quibus
556 862 588 916 et
610 849 695 914 dicas
718 860 791 913 cute
812 849 972 932 perditus,
997 852 1077 914 ohe!
1101 885 1143 896 —

211 957 310 1039 „Quo
333 955 497 1030 didicisse,
523 953 583 1017 nisi
604 955 667 1016 hoc
688 951 879 1016 fermentum
902 964 933 1016 et
956 973 1038 1038 quae
1061 954 1159 1036 semel
1180 953 1267 1018 intus
1303 1005 1305 1012 .

211 1057 324 1124 lunata
348 1069 412 1131 est,
437 1067 535 1139 rupto
558 1055 665 1120 iecore
688 1053 804 1118 exierit
827 1053 1046 1138 caprificus?”
1069 1091 1109 1104 -
1261 1082 1274 1106 ·
1296 1057 1336 1120 25

214 1163 266 1226 En
288 1161 394 1242 pallor
416 1158 620 1241 seniumque!
643 1178 663 1221 o
687 1158 816 1222 utores!
839 1158 949 1240 Usque
972 1160 1094 1222 adeone
1321 1167 1326 1172 '

214 1263 304 1327 Scire
326 1275 413 1326 tuum
436 1260 512 1326 nihil
536 1271 602 1335 est,
627 1258 686 1322 nisi
707 1270 740 1322 te
761 1257 844 1323 scire
866 1261 932 1324 boe
953 1259 1033 1324 sciat
1054 1262 1160 1325 alter?
1183 1293 1224 1306 -

211 1370 280 1440 „At
303 1366 468 1449 pulchrum
492 1373 540 1425 est
562 1361 665 1446 digito
689 1362 858 1426 monstrari
880 1373 911 1426 et
932 1363 1055 1439 dicier,
1080 1364 1144 1428 Hic
1166 1369 1235 1430 est!

213 1473 284 1534 Ten
306 1467 496 1532 cirratorum
521 1476 645 1528 centum
668 1461 782 1526 dictata
804 1464 902 1528 fuisse

212 1574 281 1636 Pro
304 1569 402 1633 nihilo
425 1566 596 1651 pendas?’'
620 1567 771 1630 —Ecce
793 1566 1016 1649 interpocula
1039 1581 1198 1653 quaerunt
1294 1570 1338 1632 30

215 1670 407 1736 Romulidae
430 1668 547 1744 saturi,
572 1667 650 1752 quid
672 1665 722 1730 dia
745 1669 896 1750 po'e'mata
920 1681 1063 1733 narrent.

212 1775 276 1838 Hic
298 1772 429 1854 aliquis,
454 1770 505 1864 eui
527 1769 646 1833 circum
670 1771 821 1833 humeros
843 1770 1045 1851 hyacinthina
1068 1773 1157 1836 laena
1181 1783 1246 1849 est,

215 1873 428 1940 Rancidulum
451 1871 597 1958 quiddam
620 1867 714 1935 balba
738 1874 777 1936 de
799 1893 875 1935 nare
897 1873 1040 1950 locutus,

212 1974 395 2058 Phyllidas,
420 1973 637 2056 Hypsipylae,
662 1985 769 2036 vattuu
792 1984 825 2036 et
846 1974 1007 2055 plorabile
1029 1976 1057 2042 si
1080 1976 1173 2062 quid,

212 2079 344 2166 Eliquat
368 2097 405 2140 ae
426 2087 539 2140 tenero
563 2075 746 2158 sttpplantat
771 2077 869 2140 verba
892 2078 1013 2158 palato.
1136 2152 1141 2162 ,
1293 2083 1336 2146 35

283 2291 324 2338 18.
344 2289 472 2350 calluerit]
490 2291 560 2336 TES.
580 2311 615 2322 -
644 2292 765 2337 colluerie
791 2291 893 2336 avum.
922 2297 946 2336 et
969 2293 995 2336 S.
1021 2305 1035 2335 a
1059 2305 1108 2338 sec.
1137 2305 1169 2336 m.
1217 2290 1258 2338 19.
1287 2305 1336 2338 nee

210 2360 278 2422 ioca]
286 2363 377 2407 l'llSA.
387 2381 417 2396 -
425 2375 503 2420 neque
513 2374 534 2405 u.
543 2359 624 2404 VEM.
645 2358 899 2422 t,u.-1ngsnn0en.
915 2360 1159 2405 lb·-1umboeSlt1.
1175 2357 1337 2407 21.-ecul-

210 2438 273 2492 pnnt
288 2433 319 2476 V.
335 2428 377 2476 22.
398 2453 430 2465 —
441 2429 564 2475 ruricolis
583 2430 664 2474 Tvttt.
681 2430 716 2474 lb.
733 2452 763 2464 -
778 2430 876 2474 alienos
887 2430 916 2474 E.
938 2426 980 2474 23.
991 2455 1025 2467 —
1037 2428 1099 2478 tote
1111 2431 1141 2476 ll.
1161 2426 1203 2474 21.
1219 2429 1282 2491 Quo]
1301 2433 1335 2477 F.

211 2499 321 2562 ..Quid
333 2499 495 2544 Tnvsssntu.
511 2500 565 2543 seit.
577 2499 613 2543 Μ.
624 2493 775 2568 dirime:
789 2498 855 2560 Quid
866 2498 988 2544 didicisse
1001 2501 1069 2545 iuret
1080 2514 1106 2544 n.
1127 2499 1163 2544 lb.
1181 2521 1210 2532 —
1222 2500 1288 2544 intsr
1297 2502 1335 2547 V.

212 2569 253 2616 25.
277 2593 304 2604 -
320 2569 409 2614 innata
427 2573 500 2626 rupto
518 2569 547 2612 ll.
569 2565 611 2612 26.
631 2569 775 2612 -esnium
795 2567 1001 2626 estquodmoree
1018 2570 1048 2614 ll.
1070 2567 1112 2618 29.
1135 2590 1164 2602 -
1185 2567 1250 2613 Tum
1268 2571 1335 2615 cirr.

213 2641 243 2686 ll.
265 2640 300 2683 lb.
323 2663 360 2696 -Ι
376 2636 461 2682 dicatu
479 2638 508 2684 ll.
547 2631 589 2682 31.
611 2657 640 2669 -
669 2637 712 2696 qui
729 2635 775 2682 dia
799 2637 851 2681 Til.
897 2635 937 2683 32.
959 2662 992 2672 -
1010 2639 1053 2682 cui
1070 2639 1140 2686 cirea
1161 2639 1219 2682 AM.
1239 2643 1338 2700 -qui

209 2709 306 2754 circum
316 2706 369 2752 ΒΕ.
389 2707 425 2750 lb.
445 2727 474 2738 -
494 2707 552 2750 Ienu
568 2718 617 2750 orn.
635 2711 674 2751 est
690 2706 720 2751 Ε.
742 2704 785 2751 ³³.
804 2731 838 2743 -
851 2706 1008 2752 rancidolum
1028 2710 1060 2752 V.
1077 2708 1111 2752 lb.
1127 2731 1159 2742 -
1171 2706 1294 2768 quoddam
1304 2711 1335 2759 S.

212 2775 254 2840 3⁴·
274 2800 307 2812 -
323 2781 405 2821 urtam
418 2775 547 2832 probabile
564 2774 594 2820 ll.
634 2771 687 2831 ³5„
699 2799 728 2809 -
741 2773 864 2822 Elieotlt.
883 2777 919 2821 lb.
939 2790 968 2819 uc
982 2775 1052 2837 tem.]
1065 2777 1115 2825 ΕΑ.
1131 2782 1200 2822 -et
1218 2782 1267 2824 ten.
1281 2780 1334 2824 VS.

209 2865 244 2882 -
262 2860 278 2890 a
295 2852 345 2891 tsn.
365 2843 395 2889 F.
802 2845 806 2848 '

213 2944 362 2960 η

281 3004 322 3064 lb.
342 3005 462 3049 colluerie
479 3019 523 3049 rw.
581 3004 621 3052 19.
647 3021 727 3066 nsque
751 3019 807 3052 core
835 3006 950 3063 rpwPW.
1005 3004 1047 3052 tt.
1073 3005 1140 3068 Quid
1157 3005 1209 3052 did.
1230 3008 1334 3064 pwPW.

212 3071 253 3122 ³5.
273 3080 297 3122 et
314 3080 398 3124 tenero
416 3074 475 3134 er.

208 3177 357 3190 m

281 3225 322 3274 18.
342 3226 469 3286 Petrunti]
488 3228 598 3272 Patratio
622 3233 661 3273 eet
680 3231 715 3275 rei
734 3243 850 3275 venerere
873 3229 988 3286 perfectio
1004 3230 1040 3273 rel
1063 3229 1252 3284 consummatio,
1273 3232 1335 3274 uude

210 3303 233 3344 et
250 3306 330 3355 putres
355 3299 427 3350 dieti,
449 3311 477 3342 eo
496 3299 558 3355 quod
578 3299 711 3352 patratione
728 3297 792 3344 lilios
810 3303 947 3355 procreant.
986 3297 1023 3342 lb.
1044 3295 1143 3352 Oesllo',
1165 3311 1207 3352 per
1223 3291 1336 3348 inond-

209 3374 310 3438 ρισμα·
330 3369 385 3426 quia
402 3368 470 3412 illum
486 3367 647 3412 contrahendo
666 3369 784 3412 irrisorem
802 3369 868 3414 lacit.
898 3367 1030 3412 luvenalis:
1050 3365 1086 3422 (7,
1109 3364 1183 3422 tit.)
1200 3369 1335 3426 oculosque

210 3441 238 3482 in
254 3435 310 3500 fine
340 3442 485 3484 trementer.
540 3433 583 3480 21.
616 3435 648 3481 Et
672 3439 778 3482 tremulo
805 3435 963 3494 sculpuntur]
987 3437 1013 3479 ln
1040 3436 1163 3481 libidinem
1182 3437 1333 3481 excitantur:

212 3507 348 3552 luvenalis.
369 3505 411 3562 (6,
433 3504 504 3558 195.)
519 3504 596 3566 Quod
615 3506 682 3552 enim
694 3519 744 3550 non
762 3507 859 3551 excitat
870 3508 965 3566 inguen
986 3504 1041 3549 Vox
1054 3504 1147 3551 blanda
1164 3510 1188 3548 et
1205 3504 1336 3564 nsquam?

210 3575 305 3635 digitos
323 3573 410 3622 babet.
466 3572 507 3619 26.
538 3573 618 3634 Usque
641 3575 736 3624 adsone
763 3576 831 3621 scire
849 3573 928 3636 tuum]
953 3575 1017 3622 Haec
1040 3575 1154 3629 periodus
1179 3576 1241 3630 upud
1263 3575 1335 3619 Luci·

206 3646 268 3690 lium
291 3647 367 3700 posita
385 3649 436 3689 est:
457 3649 484 3688 ut
501 3657 540 3687 me
557 3644 626 3687 seire
641 3645 693 3689 uolo
708 3644 744 3687 rni
761 3645 796 3688 mi
813 3644 932 3689 conscius
945 3657 1017 3697 curn,
1037 3657 1068 3687 ne
1086 3642 1206 3688 damnum
1219 3639 1333 3702 socium.

210 3714 282 3761 Scire
300 3712 345 3761 boc
365 3713 504 3766 senescit,
524 3711 577 3757 nist
594 3714 660 3758 ulios
678 3711 706 3758 id
722 3714 790 3757 ecirs
809 3713 907 3758 scierit.
945 3714 1056 3766 (Douzu
1079 3711 1109 3756 Ut
1126 3726 1164 3756 ms
1183 3713 1251 3756 seire
1268 3713 1333 3766 colo,

209 3782 273 3828 milri
290 3796 364 3836 ecurt,
378 3787 457 3844 puto,
483 3781 602 3825 conscius
623 3783 691 3840 ipre.
713 3780 751 3828 Ne
765 3781 884 3831 domnum
895 3779 1016 3841 furium,
1036 3784 1104 3827 scire
1122 3778 1168 3826 lroc
1184 3794 1211 3825 se
1226 3782 1333 3834 nesciet,

205 3851 237 3897 id
250 3853 281 3896 ni
301 3851 374 3897 Scire
400 3852 466 3898 ulios
492 3850 602 3904 scierit.)
657 3849 699 3895 28.
718 3849 751 3895 At
765 3849 900 3908 pulchrum
919 3857 957 3897 eet
974 3849 1055 3910 digito
1079 3849 1260 3908 rnonetrcrisr]
1290 3851 1335 3895 llic

208 3921 340 3978 requiritur
358 3921 459 3964 historia
478 3919 662 3974 Demosthenis,
688 3921 819 3978 quiquam
837 3922 952 3967 transiret
979 3925 1002 3964 et
1028 3934 1041 3962 a
1067 3919 1221 3968 mercenario
1251 3918 1333 3964 taber-

209 4005 252 4036 nae
271 3991 345 4047 digito
373 3993 566 4041 monstraretur,
599 3989 675 4033 lentur
705 3990 806 4034 lectulus
823 4003 892 4045 esse,
922 3989 1030 4051 quodnb
1049 3989 1195 4048 ignobilibus
1219 3989 1334 4034 sciretur.

208 4059 240 4104 tu
263 4059 379 4104 Horatius
404 4058 467 4101 libro
498 4062 583 4115 quarto
610 4057 748 4103 Careninutn
770 4055 811 4114 (3,
844 4057 900 4118 21.)
919 4061 954 4104 sic
975 4059 1072 4114 posuit:
1111 4057 1200 4108 Totum
1218 4058 1335 4105 muneris

209 4126 254 4172 boc
273 4127 310 4170 tui
323 4131 378 4180 isat,
407 4125 479 4186 Quod
495 4131 622 4171 inonetror
645 4126 726 4188 digito
746 4129 973 4184 praetereuntium.
1029 4125 1071 4172 29.
1093 4125 1146 4172 Ten
1167 4125 1333 4184 cirratorum]

207 4197 306 4309 lucentia
324 4197 401 4254 tangit
418 4195 556 4252 Neronem,
577 4196 645 4241 euius
664 4199 784 4254 carmina,
805 4199 860 4255 quia
878 4197 1023 4255 imperabat,
1045 4209 1087 4252 per
1107 4197 1202 4242 scholis
1222 4197 1334 4242 eelebre-

223 4272 301 4314 eutur.
971 4275 975 4290 ‘
