2964 4814
131 354 179 418 At
199 361 292 435 parte
313 371 355 414 ex
375 347 438 412 alia
456 347 577 412 florens
601 343 758 411 volitabat
777 347 915 410 Iacchus

132 457 216 522 Cum
236 453 341 518 thiaso
360 455 551 532 Satyrorum
574 461 605 514 et
625 447 801 534 Nysigenis
823 446 957 525 Silenis,

133 563 183 623 Te
201 577 374 643 quaerens,
398 553 558 629 Ariadna,
580 565 701 638 tuoque
722 551 869 616 incensus
891 571 1020 616 amore:
1193 551 1254 618 255

133 659 201 742 Qui
222 671 289 722 tum
312 658 434 722 alacres
453 655 573 740 passim
594 656 759 738 lymphata
781 665 884 718 mente
905 653 1073 729 furebant,

131 765 228 828 Enoc
248 763 457 835 bacchantes,
481 779 579 833 eune,
604 758 709 840 capita
728 756 941 820 inflectentes.

134 867 264 928 Horum
286 885 362 945 pars
384 874 470 925 tecta
492 859 676 945 quatiebant
699 858 829 943 cuspide
852 861 1000 939 thyrsos;

134 969 219 1032 Pars
241 987 258 1028 e
282 964 411 1029 divolsa
433 963 596 1026 iactabant
616 965 758 1026 membra
780 961 937 1038 iuvenco;

132 1071 218 1134 Pars
242 1089 311 1131 sese
323 1066 428 1131 ¹tortis
447 1064 649 1148 serpentibus
670 1064 899 1150 incingebant3

132 1173 218 1236 Pars
242 1165 382 1234 obscura
403 1168 491 1232 cavis
515 1169 720 1231 celebrabant
743 1166 836 1251 orgia
858 1165 966 1243 cistis,

133 1271 258 1355 Orgia,
281 1293 362 1356 quae
385 1271 504 1334 frustra
528 1269 659 1351 cupiunt
682 1267 792 1332 audire
812 1267 957 1351 profani.

132 1375 340 1458 Plangebant
361 1372 415 1436 alii
435 1372 582 1456 proceris
604 1383 754 1452 tympana
773 1369 888 1453 palmis

132 1477 203 1540 Aut
221 1474 315 1540 tereti
336 1475 439 1540 tenuis
458 1475 590 1539 tinnitus
612 1495 686 1538 aere
710 1473 854 1548 ciebant3

134 1578 253 1642 Multis
274 1578 466 1642 raucisonos
487 1580 635 1642 efflabant
657 1598 780 1641 cornua
802 1578 959 1651 bombos,

133 1683 345 1765 Barbaraque
364 1679 521 1744 horribili
544 1679 700 1742 stridebat
721 1677 800 1740 tibia
821 1688 926 1741 cantu.

134 1783 272 1845 Talibus
294 1781 453 1864 amplifice
476 1781 572 1845 vestis
592 1784 745 1844 decorata
764 1780 880 1864 figuris

134 1885 294 1950 Pulvinar
313 1885 481 1967 complexa
504 1906 562 1948 suo
584 1884 712 1948 velabat
735 1883 865 1947 amictu.

135 1989 226 2070 Quae
245 1999 416 2072 postquam
436 1986 550 2070 cupide
570 1989 745 2069 spectando
771 1985 923 2050 Thessala
946 1989 1046 2068 pubes

133 2090 323 2171 Expletast,
347 2089 464 2152 sanctis
487 2090 595 2170 coepit
617 2091 772 2154 decedere
796 2088 893 2152 divis.

133 2190 203 2255 Hic
224 2191 326 2276 qualis
348 2191 426 2264 flatu
445 2191 606 2274 placidum
625 2213 712 2255 mare
735 2191 888 2256 matutino

132 2293 342 2358 Horrificans
363 2294 535 2376 Zephyrus
559 2293 724 2375 proclivas
747 2292 859 2357 incitat
880 2298 997 2372 undas,

134 2397 268 2460 Aurora
287 2395 455 2459 exoriente
478 2395 555 2480 vagi
576 2398 633 2457 sub
656 2395 774 2459 lumina
795 2397 903 2461 Solis:

135 2500 227 2578 Quae
247 2500 337 2561 tarde
355 2496 494 2579 primum
517 2497 665 2562 clementi
682 2497 807 2562 flamine
825 2499 934 2580 pulsae

135 2602 342 2676 Procedunt‚
365 2600 429 2662 leni
450 2611 603 2663 resonant
620 2599 780 2684 plangore
804 2600 973 2664 cachinni:

134 2812 247 2856 Nonnurn
263 2807 311 2863 tt,
328 2807 387 2855 171.
408 2809 479 2854 ovid.
490 2811 520 2854 A.
531 2812 561 2854 Α.
576 2811 605 2867 1,
620 2809 679 2857 537.
710 2812 821 2857 Picturas
835 2812 932 2857 Hercul.
945 2811 975 2856 T.
990 2809 1014 2856 2.
1029 2813 1059 2856 T.
1077 2809 1118 2857 16.
1146 2814 1259 2858 viscontl

133 2880 371 2925 MuseoPio-ctem.
386 2881 417 2924 Τ.
429 2878 454 2924 b.
469 2881 529 2924 'l'asn
543 2879 585 2926 nt.
635 2879 694 2927 254.
715 2881 784 2926 Natis
804 2883 827 2925 in
847 2882 906 2925 urbe
927 2883 1023 2935 tudine,
1045 2883 1124 2937 Nysa,
1144 2883 1196 2927 sita
1213 2882 1260 2927 snb

134 2949 266 2994 radicibus
285 2951 377 2992 montis
396 2963 467 3006 quem
484 2948 574 2995 Meron
593 2952 690 2996 incolas
708 2952 852 3008 appellunt:
872 2952 936 2994 Ptin.
957 2949 988 3005 8,
1011 2949 1052 2999 1⁰.
1077 2965 1100 2996 v.
1124 2953 1208 2996 Moser
1230 2954 1260 2995 nd

134 3020 215 3064 Noun.
230 3033 253 3074 p.
268 3016 314 3064 191
328 3023 351 3063 et
362 3015 421 3062 202.
460 3017 520 3064 259.
541 3022 575 3063 lta
589 3021 634 3064 Ed.
648 3034 684 3075 pr.
702 3021 791 3070 Bar-yn.
803 3022 873 3063 Aldd.
885 3020 957 3078 Ging.
969 3021 1021 3065 Ast.
1043 3021 1179 3078 raptabant
1194 3023 1259 3067 scal.

133 3091 210 3134 Doer.
249 3084 308 3132 261.
324 3087 439 3131 celabant
449 3089 556 3137 Bronlb.
571 3090 686 3144 probante
696 3091 781 3134 Valcb.
796 3091 824 3133 ad
834 3090 945 3133 Arainon.
960 3103 982 3144 ρ.
1000 3088 1058 3136 185.
1080 3093 1125 3135 Sed
1140 3105 1262 3136 cosnrnen·

133 3165 185 3203 tum
204 3159 249 3201 boc
266 3163 332 3202 recte
351 3157 465 3202 refutavit
482 3159 573 3202 Aetius.
612 3156 670 3203 263.
691 3160 758 3202 aliae
775 3160 837 3202 Scnl.
857 3173 868 3202 e
888 3160 947 3203 Cod.
963 3162 1034 3215 Vutp.
1054 3162 1179 3213 „Bacchae
1197 3162 1261 3205 enim

133 3229 328 3286 intelliguntur-st
346 3229 411 3271 Scal.
443 3229 534 3272 Verum
553 3229 575 3271 in
595 3229 698 3285 antiquis
712 3229 872 3272 turonumcntis
885 3229 1009 3282 cymbala,
1030 3235 1155 3285 tynrpans,
1177 3230 1259 3280 tibiae,

134 3311 206 3341 arcae
225 3309 309 3340 sacrae
328 3312 374 3340 non
394 3297 490 3340 leunnis
509 3299 644 3350 dumtaxat,
677 3299 718 3341 sed
745 3299 816 3341 ctiam
841 3299 929 3342 silenis
951 3300 1086 3356 Faunisque
1110 3300 1259 3344 tribuuntur.

133 3381 157 3410 v.
169 3367 280 3409 Picturas
291 3367 389 3410 Hercul.
402 3366 433 3409 Τ.
451 3365 475 3409 2.
492 3380 514 3420 p.
533 3363 664 3411 128.13¹1.
692 3367 801 3410 visconti
819 3368 904 3410 lllnscn
917 3368 1054 3412 Pio-Cleua.
1070 3369 1100 3412 Τ.
1120 3365 1144 3412 4.
1160 3382 1182 3422 p.
1200 3365 1259 3414 168.

134 3442 158 3481 ct
173 3433 231 3482 177.
246 3435 292 3480 Ed.
306 3437 372 3480 Med.
393 3436 514 3490 Perpetua
533 3441 612 3480 autern
630 3438 654 3480 in
674 3436 711 3479 bis
730 3442 840 3490 tympana
860 3441 883 3480 et
896 3437 1003 3490 cymbala
1017 3438 1161 3494 iunguntur,
1187 3437 1260 3481 veluti

133 3507 158 3549 in
178 3505 277 3558 mystica
297 3507 337 3548 illa
354 3505 459 3548 torrnula
478 3519 491 3549 a
511 3505 633 3550 Clemente
655 3506 725 3550 Alex.
746 3505 870 3559 Protrept.
895 3519 918 3559 p.
942 3503 982 3549 tt.
1002 3506 1068 3549 Pott.
1089 3510 1198 3550 servata:
1227 3501 1262 3552 ἐκ

132 3569 291 3638 τυμπάνου
305 3565 437 3636 ἔφαγον
457 3571 490 3621 ἐκ
502 3571 658 3636 κυμβάλου
677 3567 775 3622 ἔπιον·
795 3571 1038 3643 ἐκευυοφόρησα·
1059 3565 1118 3623 ὑπὸ
1132 3569 1186 3621 τὸν
1204 3585 1261 3621 πα-

133 3639 209 3693 στὸν
227 3636 364 3692 ὗπέδυον.
416 3641 583 3705 uun-anta
600 3644 751 3688 raucisonos
771 3645 847 3688 Codd.
867 3644 952 3698 Statii,
983 3645 1042 3687 untle
1065 3644 1102 3686 hic
1121 3655 1174 3686 cum
1194 3643 1259 3686 Stel.

133 3714 192 3757 fecit
204 3713 291 3757 inultis
304 3726 339 3765 r.,
362 3714 423 3768 quod
442 3714 543 3767 praetuli
564 3727 616 3757 ram
633 3715 708 3760 Doer.
725 3714 779 3758 Ast.
802 3734 831 3745 -
851 3713 923 3755 multi
941 3713 1086 3756 raucisonis
1106 3737 1116 3747 -
1136 3737 1146 3747 ·
1164 3711 1260 3756 bombis

132 3784 189 3826 Ata.
204 3781 226 3829 1.
245 3801 279 3814 ···
303 3783 429 3839 meritaque
447 3783 597 3826 raucisonos
617 3808 627 3818 ··
646 3808 656 3818 ·
674 3782 774 3828 bombos
793 3796 822 3827 ex
839 3784 951 3837 interpol.
969 3783 1024 3826 Ald.
1043 3781 1066 3825 2.
1087 3781 1163 3829 Guar,
1184 3781 1257 3839 Giug.

135 3873 166 3884 —·
186 3851 260 3895 inulti
278 3852 431 3894 raucisonos
449 3847 566 3910 efflabant
584 3854 657 3896 Voss.
672 3853 745 3905 Vulp.
785 3849 844 3896 267.
867 3851 900 3894 lta
920 3851 1011 3894 Ennius
1032 3865 1054 3905 p.
1073 3847 1132 3894 237.
1150 3850 1180 3894 ll.
1201 3856 1261 3894 tem·

130 3921 203 3977 plum
227 3933 306 3973 auro,
333 3919 406 3964 ebore
430 3921 582 3964 instructum
606 3920 718 3982 regifice.
777 3919 836 3965 271.
859 3920 893 3964 lta
915 3921 969 3966 ntd.
990 3923 1021 3963 al.
1042 3919 1079 3964 Ne
1098 3920 1196 3978 qualis,
1223 3921 1260 3964 vel

133 3989 254 4048 Aequalis
273 3990 349 4034 Codd.
368 3990 461 4043 Vossii,
482 3992 542 4034 unde
559 3992 657 4046 scripsit
674 3991 710 4035 Ac
724 3991 809 4048 qnali,·
826 3989 862 4035 Ac
880 3990 964 4049 qualis
979 3990 1052 4048 Ging.
1091 3986 1150 4034 273.
1170 3990 1262 4033 lisnina

133 4059 217 4103 Burm.
232 4058 509 4104 Sec.l.aclnn.eCodd.
548 4057 607 4105 275.
629 4062 664 4104 ltn
674 4062 738 4106 scal.
756 4061 920 4105 cosmetae.
935 4073 981 4102 non
995 4061 1100 4104 sincero.
1122 4059 1175 4117 Ego
1188 4060 1211 4102 in
1222 4071 1260 4113 pr.

132 4128 179 4172 Ed.
197 4129 251 4176 snt.
268 4129 368 4173 Lachm.
389 4151 423 4161 -
447 4130 523 4176 Doer.
540 4132 572 4172 al.
592 4130 654 4183 lsai,
684 4133 744 4174 nude
764 4131 835 4174 metri
854 4143 925 4173 causa
944 4126 1107 4175 refluxerunt:
1127 4130 1262 4186 leuiterque

131 4203 226 4242 sonant
237 4198 310 4242 ntdd.
330 4219 364 4231 -
383 4197 436 4240 leni
452 4202 476 4242 et
494 4204 614 4242 resonant
626 4201 699 4243 Voss.
715 4199 788 4256 cing.
811 4221 840 4231 -
860 4198 959 4256 lenique
971 4204 1063 4242 sonant
1073 4198 1179 4252 Lennep.
1192 4197 1258 4254 Aah,

132 4268 176 4313 scd
191 4269 324 4322 asyndeton
338 4267 362 4312 h.
377 4269 395 4312 1.
409 4281 457 4312 uon
473 4269 544 4312 ruodo
559 4281 606 4313 nou
624 4270 746 4326 ingratum
762 4274 813 4324 est,
835 4269 876 4314 sed
892 4270 1070 4324 necessarium,
1091 4268 1112 4312 si
1125 4263 1259 4317 cachinni,
