2946 4816
1203 166 1278 238 201

160 321 306 388 Callidus
330 342 467 387 excusso
487 322 641 406 populum
664 325 856 406 suspendere
878 343 970 386 naso.
1288 400 1291 406 Ι

160 425 242 490 Men
272 425 386 488 mutire
412 423 526 488 nefas?
561 445 620 488 nec
648 424 728 488 clam
758 445 818 488 nec
848 445 918 488 eum
947 424 1088 488 scrobe?
1109 457 1150 468 ·-
1174 428 1280 498 „Nua-

707 589 710 595 .
1004 527 1140 612 quam.”
1163 559 1203 572 -

160 632 227 696 Hie
248 642 350 694 tamen
372 629 545 694 infodiam:
568 628 665 705 Vidi,
691 627 757 692 vidi
779 628 860 711 ipse,
883 628 1008 694 libelle:
1222 632 1282 694 120

159 733 433 797 Auriculas‘asini
455 731 525 815 quis
546 753 612 795 non
633 731 754 796 habet?
777 764 818 776 -
839 734 916 796 Hoc
937 753 1002 817 ego
1025 744 1188 816 opertum,

159 837 238 898 Hoc
259 835 363 898 ridere
386 856 507 910 metim,
532 847 595 897 tam
619 833 681 909 nil,
707 834 792 896 nuilla
814 833 874 896 tibi
897 836 1002 900 vendo

159 938 272 1001 lliade.
297 971 337 984 -
359 936 486 999 Audaci
507 935 688 1020 quicunque
711 935 814 1000 alllate
838 935 996 1013 Cratino,

161 1040 282 1102 iratum
306 1037 498 1120 Eupolidem
520 1038 713 1122 praegrandi
735 1060 805 1100 eum
828 1060 902 1102 sene
924 1040 1045 1122 palles,

161 1140 305 1223 Adspice
329 1153 360 1204 et
382 1143 477 1216 haec,
503 1139 529 1202 si
551 1140 639 1205 sorte
661 1140 778 1223 aliquid
799 1140 963 1205 decoctius
986 1144 1087 1209 audis.
1220 1146 1278 1210 125

160 1244 241 1307 Inde
263 1255 420 1326 vaporata
443 1243 547 1306 lector
569 1242 642 1306 mibi
663 1242 789 1306 ferveat
811 1263 905 1306 aure:
1107 1247 1111 1254 '

159 1347 238 1409 Non
259 1345 331 1422 hic,
356 1344 411 1428 qui
432 1343 467 1407 iu·
486 1345 632 1427 crepidas
655 1343 827 1426 Graiorum
850 1345 960 1409 ludere
983 1346 1078 1430 gestit

160 1446 318 1511 Sordidus
341 1459 373 1509 et
393 1447 485 1512 lusco
508 1447 563 1530 quii
585 1445 688 1528 possit
710 1446 836 1510 dicere:
860 1447 964 1511 lusce!

161 1551 240 1613 Sese
262 1549 396 1632 aliquem
419 1551 570 1626 credens,
595 1549 680 1612 Italo
703 1551 791 1631 quod
812 1548 936 1612 honore
959 1549 1089 1631 supinus

159 1652 312 1736 Frcgcrit
333 1651 470 1714 heminas
494 1650 588 1713 Arcti
610 1648 720 1712 aedilis
742 1648 885 1734 iniquas:
1219 1654 1280 1716 180

160 1756 232 1817 Nec
253 1756 308 1838 qui
329 1755 429 1817 abaco
453 1772 602 1816 numeros
624 1763 657 1814 et
678 1763 767 1816 secto
790 1751 823 1814 in
844 1753 978 1834 pulvere
1001 1766 1099 1816 metas

159 1854 229 1918 Scit
251 1855 357 1918 risisse
379 1854 489 1930 valer,
513 1854 644 1917 multum
669 1857 807 1938 gaudere
829 1867 976 1936 paratus,

159 1959 196 2021 Si
218 1956 332 2038 cynico
355 1959 485 2020 barbam
508 1956 654 2037 petulans
676 1955 806 2020 nonaria
831 1957 939 2020 vellat.

159 2059 222 2123 His
247 2080 334 2122 niane
357 2059 512 2134 edictum,
536 2070 612 2140 post
633 2056 764 2140 prandia
789 2056 975 2124 Callirhoie'n
999 2063 1053 2124 do.

505 2247 679 2314 SATIRA
702 2248 933 2316 SECUNDA.

225 2371 338 2444 Hunc,
362 2369 528 2443 Macrine,
553 2369 634 2432 diem
658 2391 786 2434 numera
809 2371 940 2436 meliore
964 2372 1098 2454 lapillo,

159 2470 225 2551 Qui
245 2470 304 2533 tibi
323 2471 465 2534 labentes
489 2472 621 2554 apponit
643 2476 793 2536 candidus
816 2495 929 2538 anuos.

158 2575 271 2637 Funde
295 2593 414 2636 merum
438 2574 561 2637 Genio!
595 2576 670 2639 Non
693 2586 727 2637 tu
750 2573 846 2657 prece
869 2577 976 2658 poscis
999 2577 1115 2653 emaci,
1146 2573 1150 2632 .'
1192 2617 1196 2626 ι

159 2676 250 2766 Quae
274 2674 332 2737 nisi
354 2675 490 2738 seductis
513 2697 651 2760 nequeas
674 2677 873 2742 committere
895 2677 990 2742 divis.

230 2875 288 2923 119.
309 2901 342 2910 —
360 2877 462 2922 muttire
479 2879 511 2921 V.
551 2875 608 2924 120.
630 2900 659 2910 -
679 2877 731 2923 eidi
751 2877 791 2923 llic
810 2879 909 2924 0111111.
932 2902 961 2912 -
982 2879 1037 2925 nida
1055 2879 1109 2925 olda
1128 2882 1153 2926 8.
1174 2903 1207 2914 --
1225 2882 1278 2926 ride

156 2945 198 2994 hic
214 2944 268 2990 etde
286 2947 322 2991 Μ.
362 2944 421 2991 125.
442 2971 475 2980 -
493 2952 517 2990 aa
533 2945 579 2991 boe
597 2947 626 2992 ll.
648 2961 771 3004 superscr.
791 2965 832 2994 oc.
870 2951 930 2994 ltern
943 2951 978 2994 M.
1018 2947 1074 2995 126.
1097 2966 1129 2986 ι·-
1149 2950 1216 2995 Unde
1229 2953 1276 2996 its,

159 3017 218 3065 128.
243 3038 270 3048 -
287 3017 372 3074 poscit
390 3017 425 3060 Μ.
445 3022 469 3060 et
487 3016 563 3060 Cndd.
580 3018 702 3072 nonnulli,
732 3020 871 3064 sed'nullus
890 3032 1008 3064 meorum.
1056 3017 1114 3066 129.
1138 3045 1168 3056 -··
1185 3019 1278 3081 ytbnco

156 3086 223 3146 quod
244 3085 275 3129 R.
337 3080 396 3130 130.
424 3096 455 3129 =
481 3084 567 3130 Arreti
587 3088 615 3131 F.
673 3085 732 3131 131.
752 3111 785 3121 —
804 3088 878 3132 abaci
895 3090 924 3137 F.
948 3111 977 3122 -
996 3087 1048 3136 Nec
1067 3089 1139 3149 adyti
1157 3105 1226 3136 niem.
1246 3091 1275 3135 R.

157 3159 184 3200 lb
216 3179 246 3189 -
266 3159 334 3198 arcto
348 3156 451 3213 pulvera
470 3155 500 3199 Α.
517 3162 584 3200 -et
600 3155 671 3200 docto
689 3157 798 3214 inputo.
818 3159 847 3202 F.
888 3154 945 3207 133.
962 3181 989 3192 -
1005 3160 1076 3205 vellat
1094 3161 1125 3204 V.
1165 3157 1223 3204 1³t.
1245 3185 1277 3194 -

156 3227 270 3271 celloran
289 3225 320 3268 Τ.

227 3292 352 3339 sewun.
373 3294 405 3338 ll.
444 3291 468 3338 2.
489 3317 521 3327 -
541 3299 648 3352 opponet
662 3296 692 3340 V.

162 3398 311 3410 *-

228 3454 288 3500 121.
307 3454 445 3500 Aurieulna
464 3455 534 3498 ostiti
550 3453 623 3500 Mida
643 3470 692 3500 rex
709 3454 783 3500 landet
807 3459 879 3512 rpW.
907 3471 934 3502 er
955 3458 1062 3502 Suetonii
1084 3457 1131 3501 vita
1152 3457 1231 3501 Persii
1255 3463 1278 3501 et

154 3528 230 3572 Petro
260 3527 369 3570 Blesensi
398 3525 421 3568 in
451 3525 497 3580 Ep.
531 3521 573 3570 69.
604 3538 627 3579 p.
657 3523 716 3572 718.
744 3527 767 3570 b.
819 3523 878 3572 126.
905 3525 973 3571 Unde
996 3526 1025 3570 Ρ.
1077 3524 1135 3569 128.
1151 3527 1275 3584 poscite.

158 3594 217 3641 129.
238 3594 317 3653 Seque
335 3609 348 3638 e
366 3593 442 3639 Codd.
462 3594 492 3638 P.

157 3697 307 3711 ‘—

228 3753 288 3801 119.
308 3767 356 3798 nae
380 3768 436 3798 corn
454 3753 552 3813 scrobe]
578 3756 658 3801 Midas
675 3757 802 3801 historiam
821 3757 905 3814 tangit.
955 3753 1013 3800 122.
1033 3735 1111 3800 Nullo
1137 3755 1183 3798 tibi
1200 3754 1276 3798 cando

154 3824 247 3883 Iliade]
275 3824 328 3869 Non
355 3824 397 3868 tibi
416 3825 474 3867 illud
493 3826 561 3878 deur,
590 3825 610 3868 si
632 3825 689 3869 inihi
715 3824 789 3870 Iliada
812 3825 950 3879 Labeonis,
976 3829 1017 3868 aut
1040 3824 1144 3869 Neronis
1168 3825 1275 3870 Troicon
1356 3818 1358 3823 ’

155 3897 246 3943 tradas.
281 3893 383 3948 Scripsit
401 3892 467 3938 Nero
485 3893 601 3938 Troicos.
640 3892 909 3940 multimammiam
928 3893 1061 3950 meretrix;
1081 3893 1136 3950 quia
1153 3895 1215 3949 apud
1231 3908 1276 3938 ve-

155 3971 220 4011 teres
242 3977 336 4008 anona
355 3963 415 4006 hora
438 3964 592 4018 prostabant,
625 3979 655 4010 ue
680 3978 748 4008 inane
776 3964 865 4008 omissa
889 3963 1060 4008 exercitatione
1077 3964 1119 4007 1110
1138 3963 1201 4008 irent
1218 3965 1275 4007 ado·

155 4038 349 4147 “negauit
371 4102 403 4146 ll.
444 4100 468 4147 1.
487 4102 623 4160 Alloquitur
641 4103 747 4154 Plotium
765 4102 913 4154 Macrinum,
940 4100 1060 4145 homiuem
1080 4115 1137 4146 saus
1156 4101 1274 4144 eruditum

154 4179 178 4218 et
197 4176 296 4228 paterno
316 4185 342 4216 sa
360 4172 446 4216 affeetu
467 4170 619 4230 diligentem,
649 4174 729 4230 quiin
748 4173 819 4215 domo
837 4171 934 4216 Servilii
956 4171 1088 4227 didicerat,
1108 4185 1121 4214 a
1143 4184 1189 4228 quo
1210 4169 1274 4227 agel·

155 4244 203 4286 lum
222 4246 420 4298 comparaverat,
441 4242 531 4286 indulto
551 4241 597 4286 sibi
617 4242 696 4297 pretio
715 4242 846 4299 aliquanto.

631 4373 640 4403 l
