2964 4814
392 642 513 766 sex.
551 690 799 792 unnenu
839 691 1174 766 ruonnurrr

573 869 748 928 ELEGIAE
776 871 1001 928 SELECTAE.

566 1207 664 1268 Luuu
687 1205 715 1268 l.
761 1206 939 1269 ELEGIA
966 1205 1012 1268 ll.

228 1376 313 1456 Quid
335 1375 423 1437 iuvat
446 1385 562 1460 ornato
586 1375 780 1452 procedere,
806 1373 890 1445 vita,
916 1373 1030 1453 capillo

270 1479 313 1540 Et
336 1489 446 1538 tennes
469 1473 540 1538 Coa
566 1483 653 1536 veste
677 1494 806 1536 nrovere
829 1474 934 1550 sinus,

152 1561 155 1568 ⁴
227 1581 295 1642 Ant
317 1577 392 1662 quid
415 1578 558 1641 Orontea
581 1574 686 1650 crines
708 1573 903 1655 perfundere
927 1577 1054 1654 myrrha

290 1683 401 1761 Teque
424 1677 602 1762 peregrinis
626 1681 764 1740 vendere
787 1677 969 1740 muneribus

227 1785 434 1864 Naturaeqne
457 1783 558 1841 decns'
576 1789 718 1842 mercato
741 1781 876 1859 perdere
899 1781 987 1842 cultu

291 1885 361 1945 Nee
384 1883 486 1944 sinere
509 1881 540 1943 in
563 1880 706 1961 propriis
730 1883 870 1942 membra
893 1881 994 1944 nitere
1017 1882 1132 1945 nonis?

228 1984 333 2048 Crede
358 1984 450 2058 rnihi,
475 2004 539 2046 non
562 1983 625 2043 nlla
648 1994 719 2044 tuae
743 1993 790 2044 est
813 1981 964 2045 medicina
987 1985 1132 2066 figurae:

289 2088 401 2148 Nudus
426 2087 530 2172 Amor
551 2082 675 2147 formae
697 2105 761 2146 nou
784 2094 867 2146 amat
890 2084 1055 2147 artificem.

226 2187 388 2270 Adspice,
414 2206 495 2268 qnos
518 2185 682 2248 summittit
704 2187 817 2247 brunus
838 2186 982 2248 formosa
1006 2187 1153 2262 colores,

291 2290 335 2352 Ut
358 2288 484 2351 veniant
506 2289 644 2348 hederae
668 2298 782 2367 sponte
805 2307 860 2348 sna
884 2287 1012 2362 melius,

227 2393 345 2473 Surget
368 2400 399 2452 et
421 2389 452 2450 iu
475 2388 553 2452 solis
574 2387 748 2451 formosius
771 2390 902 2450 arbutus
926 2389 1039 2464 antris,

277 2603 315 2662 (ln
338 2606 422 2648 iterata
450 2604 492 2647 hac
516 2603 561 2646 Ed.
589 2603 698 2647 consului
730 2616 800 2646 curas
819 2602 921 2647 lacobsii
941 2609 964 2648 et
987 2606 1109 2658 Belrlseri,
1141 2611 1190 2651 turn
1218 2607 1349 2664 Paldarni,

227 2675 307 2720 lacobi
333 2679 357 2718 et
377 2673 522 2717 Lachrnunni
544 2673 678 2716 secundas:
705 2667 776 2726 (L2.)
795 2686 848 2716 cnm
866 2686 894 2716 ea
913 2677 990 2718 tamen
1015 2675 1144 2729 cantione,
1171 2689 1241 2731 quarn
1260 2679 1350 2722 suade-

225 2746 266 2787 bat
285 2744 407 2795 severior,
439 2743 480 2785 sed
506 2743 529 2784 in
554 2742 634 2784 multis
654 2742 782 2784 iustissima
809 2741 892 2784 haruin
911 2743 982 2785 trium
1002 2743 1062 2786 Ean.
1083 2743 1191 2787 Censura
1209 2745 1349 2798 Lipsiensis

228 2809 303 2858 1830.
324 2826 346 2866 p.
369 2807 427 2856 505.
458 2811 546 2868 Magno
560 2823 632 2865 opere
653 2815 732 2854 autem
749 2811 878 2854 landandus
898 2824 926 2854 eo
951 2801 1184 2866 norntle„esr1.2.,
1210 2816 1272 2870 quod
1296 2816 1349 2868 pte-

225 2895 312 2938 rusque
336 2893 392 2922 suas
421 2880 570 2923 coniecturas
595 2885 714 2936 tamquam
733 2880 880 2922 certissimas
898 2881 964 2933 prius
984 2893 997 2922 a
1022 2893 1047 2924 se
1067 2882 1204 2935 propositus
1224 2887 1350 2938 receptas-

227 2965 271 3007 que
291 2950 361 2993 tuelle
382 2961 442 2992 nune
460 2946 570 3003 reiecit.)

632 3043 740 3120 'nen
778 3072 926 3117 ennon.

279 3159 304 3204 2.
324 3156 373 3204 Coo
402 3165 481 3212 reete,
510 3159 651 3212 bombycina
676 3174 697 3202 s.
723 3160 815 3213 serica,
844 3160 974 3214 pellucido,
1005 3163 1028 3202 et
1055 3161 1122 3216 qnasi
1141 3161 1232 3214 vitrea,
1262 3164 1349 3218 quales

150 3253 152 3260 ⁴
227 3231 351 3284 bombycis
373 3242 401 3273 ex
429 3229 512 3270 nltirno
533 3232 625 3272 oriente
645 3229 716 3271 allata
742 3233 909 3284 retorquentes
938 3228 1051 3270 mulieres
1072 3229 1096 3270 in
1123 3229 1159 3272 Co
1182 3230 1259 3272 insula
1279 3235 1348 3275 texe-

226 3301 291 3343 bant.
321 3313 344 3343 r.
364 3299 465 3341 Aristot.
494 3297 523 3339 ll.
544 3303 572 3340 Α.
595 3294 618 3340 5.
648 3295 689 3341 19.
715 3310 737 3350 p.
766 3293 824 3340 523.
846 3297 903 3340 Cas.
924 3297 1041 3340 Heindorf
1056 3297 1083 3338 ad
1107 3297 1166 3342 llor.
1189 3299 1239 3341 Sat.
1261 3295 1290 3351 l,
1311 3297 1347 3352 2,

229 3366 287 3413 101.
344 3365 368 3412 3.
394 3364 504 3410 Oronten
532 3366 560 3408 ah
590 3365 700 3418 Oronte,
730 3365 815 3418 Syriae
844 3365 926 3408 fluvio.
983 3363 1008 3409 5.
1036 3364 1146 3421 prodere
1170 3367 1253 3409 Bnrrn.
1277 3368 1347 3412 coni.

228 3437 253 3484 δ,
283 3433 399 3495 formem
427 3436 511 3479 llcins.
549 3435 632 3478 Bnrrn.
669 3435 753 3487 Knin.,
791 3438 816 3476 nt
842 3435 913 3478 Pers.
947 3431 975 3487 5,
1011 3430 1053 3478 40.
1122 3433 1146 3482 9.
1175 3447 1236 3492 quoe
1265 3435 1345 3480 Codd.

168 3553 172 3560 λ
228 3507 351 3559 meliores,
380 3505 426 3549 lae.
453 3505 522 3548 Puld.
542 3507 652 3560 -quot
672 3504 755 3547 Volse.
780 3504 869 3561 Vulgo.
897 3523 926 3533 -
952 3515 999 3560 qno
1028 3515 1094 3546 eum.
1114 3501 1161 3546 Le.
1182 3505 1205 3546 id
1224 3509 1302 3556 esset,
1324 3506 1348 3548 si

229 3575 329 3633 benigne
350 3575 501 3627 interpretari
527 3573 599 3615 retis:
621 3573 735 3625 „adspice
754 3586 798 3624 eo,
825 3573 864 3614 ubi
887 3571 950 3614 cet.''
968 3572 1030 3627 quod
1048 3572 1106 3615 mihi
1125 3576 1260 3616 contortum
1278 3573 1347 3616 ride-

226 3649 274 3687 tur.
312 3643 402 3695 lrnrno,
423 3646 448 3684 nt
475 3653 557 3684 ornnes
576 3639 659 3682 Latine
675 3642 778 3683 seientes
797 3653 843 3682 nuo
867 3652 909 3682 ore
929 3637 1118 3694 profitebuntur,
1139 3639 1280 3682 manifestus
1308 3647 1348 3685 est

227 3725 312 3764 error,
341 3724 411 3767 quern
441 3711 473 3752 V.
498 3709 528 3752 D.
561 3721 680 3764 nunquam
698 3710 807 3761 recipere
826 3707 955 3752 debuisset.
1013 3705 1054 3752 10.
1075 3709 1197 3751 ιιῑιῐῑαίιη
1216 3712 1345 3753 corrector

227 3782 250 3823 iu
272 3780 341 3823 Statii
360 3779 421 3821 Cod.
446 3778 518 3831 Vulp.
544 3776 573 3819 L.
594 3799 625 3809 -
645 3781 669 3818 et
686 3777 781 3831 reliqui.
803 3777 851 3820 lac.
870 3773 917 3823 m.
939 3788 1038 3829 prorsus
1058 3778 1137 3820 luxata
1154 3777 1344 3822 eonstructione.

230 3846 269 3892 11.
278 3843 428 3907 formosius]
446 3845 619 3904 Negligentianr
635 3845 692 3896 hane
709 3845 813 3888 defendit
824 3844 1029 3889 Hernsterhusius.
1039 3842 1185 3903 -sela'eine
1199 3843 1298 3891 Larhm.
1313 3866 1344 3877 -

224 3916 352 3973 pomosior
371 3915 452 3958 Heius.
474 3939 506 3948 -
518 3911 669 3971 frondosior
684 3913 761 3956 Bentl.
782 3913 851 3966 prol).
869 3913 938 3957 Pnld.
953 3912 1044 3955 Contra
1062 3926 1107 3968 pro
1125 3910 1215 3956 humus
1223 3910 1346 3971 formosa

228 3984 326 4030 Waltel.
346 3982 440 4027 rolebnt
460 3979 550 4026 dumne
567 3995 616 4024 non
640 3995 721 4025 versu.
779 3977 820 4026 13.
836 3983 876 4025 ‘lta
898 3981 926 4023 L.
947 3994 976 4024 ex
1001 3982 1077 4025 Codd.
1106 3981 1236 4037 perlucent
1256 3984 1347 4026 rnsrnlt

229 4051 343 4100 Huschls„
354 4053 382 4094 ad
402 4051 457 4097 Tib.
480 4051 508 4104 1,
539 4047 568 4103 l,
599 4047 641 4094 21.
670 4050 766 4093 nativos
784 4064 832 4107 per
850 4063 878 4093 ae
896 4048 955 4093 dent
971 4050 1043 4110 pieta
1060 4050 1181 4106 lapillos,
1201 4047 1234 4092 Et
1252 4057 1347 4094 cenent

228 4121 292 4165 Scal.
313 4119 376 4162 coni.
403 4120 472 4175 vulgo
493 4123 598 4173 recepta.
657 4115 697 4165 15.
717 4119 883 4174 Desponderet
900 4117 1034 4172 Leucippus
1052 4118 1165 4162 Phoeben
1186 4123 1210 4161 et
1228 4119 1346 4162 llilairarn

227 4190 323 4238 Lrnceo
341 4191 364 4230 el
384 4187 455 4237 ldae.
484 4187 588 4238 Apharei
607 4185 684 4241 liliis3
704 4187 790 4231 Castor
811 4201 838 4231 nc
853 4187 940 4231 Pollux
963 4199 1003 4229 eas
1025 4199 1142 4240 rapuere,
1162 4191 1243 4240 raptas
1262 4191 1345 4241 sponsi
1366 4187 1370 4194 '

228 4258 403 4314 repetiverunt,
425 4257 467 4298 sed
480 4269 493 4296 a
505 4255 619 4298 rivalibus
635 4256 708 4299 occisi
719 4261 782 4300 sunt.
794 4256 873 4312 (Pind.
891 4253 961 4300 uem.
976 4251 1021 4308 10,
1045 4251 1234 4308 110.)Τ1ιεοει·.
1251 4255 1286 4298 ld.
1301 4253 1345 4300 22.
