2964 4814
661 377 926 446 PROLOGUS.

396 481 467 544 Nec
489 482 579 545 sonte
601 481 691 543 labra
714 481 823 562 prolui
844 481 1004 545 caballino

353 583 423 646 Nec
445 583 476 646 in
499 579 622 665 bicipiti
644 581 819 646 somniasse
843 583 1004 646 Parnasso

354 685 507 761 Memini,
530 696 566 749 nt
590 696 724 768 repente
747 683 792 746 sic
812 684 912 765 polita
933 682 1112 766 prodirem.

350 787 623 871 Heliconidasque
648 786 861 868 pallidamque
883 783 1024 850 Pirenen

351 887 421 952 Illis
444 889 593 963 remitto,
618 908 755 971 quorum
779 885 933 970 imagines
956 887 1099 950 lambunt

351 991 501 1054 Hederae
528 1009 700 1074 sequaces:
724 988 793 1071 ipse
815 988 1036 1074 semipsgsnus

351 1093 405 1156 Ad
426 1111 517 1155 sacra
540 1103 648 1155 vatum
672 1109 799 1153 carmen
823 1089 1106 1156 afferonostrum.

350 1193 433 1276 Quis
456 1191 618 1276 expedivit
641 1191 778 1275 psittaco
802 1212 892 1254 sumn
913 1199 1028 1282 χαῖρε,

351 1295 510 1379 Picusque
534 1293 641 1358 docuit
664 1305 773 1357 nostra
798 1296 897 1356 verba
921 1294 1062 1359 conari?

349 1398 512 1482 Magister
536 1395 614 1460 artis
635 1395 807 1480 ingenique
829 1396 967 1480 largitor

352 1502 496 1578 Venter,
519 1510 649 1583 negatas
672 1497 788 1564 artifex
810 1498 900 1581 sequi
925 1520 1035 1564 voees.

351 1604 451 1684 Quod
473 1600 499 1664 si
521 1598 627 1665 dolosi
647 1598 907 1681 spes'resulserit
928 1602 1062 1678 nummi,

352 1702 483 1768 Cervos
506 1705 622 1784 poie'tas
645 1714 676 1765 et
698 1701 842 1784 po'e'trias
865 1701 953 1783 piens

350 1803 491 1869 Cantare
513 1806 625 1868 credas
647 1803 842 1888 Pegaseium
866 1817 985 1868 nectar.

604 1935 779 1998 SATIRA
801 1932 971 2000 PRIMA.

265 2060 296 2128 0
319 2077 411 2120 ouras
433 2053 614 2120 hominum!
639 2075 659 2118 ο
683 2067 832 2138 qnantum
856 2067 906 2118 est
928 2055 959 2119 in
982 2059 1079 2121 rebus
1101 2058 1210 2123 inane!

223 2160 327 2243 „Quis
349 2162 438 2244 leget
459 2155 592 2220 haee?''
610 2188 648 2202 -
675 2158 747 2220 Min
770 2167 805 2220 tu
826 2156 910 2220 istud
934 2158 1002 2222 ais?
1026 2161 1129 2225 Nemo
1145 2164 1288 2228 hercule.
1305 2199 1350 2211 ——

1072 2309 1086 2336 „
1095 2265 1199 2328 Nemo
1209 2265 1224 2326 l
1236 2267 1253 2295 ''

291 2419 367 2464 Abest
384 2419 505 2478 Prologus
525 2419 585 2461 nv.
624 2415 649 2460 2.
669 2416 785 2461 Parnaso
804 2417 884 2461 ΤΕΜ.
906 2413 929 2462 3.
951 2417 981 2462 Ut
1001 2431 1062 2468 nos,
1087 2417 1116 2462 E.
1137 2420 1241 2463 memini
1265 2433 1303 2464 me
1322 2429 1351 2468 ut

221 2495 322 2549 repente
339 2489 379 2533 ss‘e
405 2488 482 2532 TSM.
500 2487 605 2530 meruius?
631 2499 670 2530 me
695 2491 721 2530 ut
738 2487 776 2530 ss'e
807 2491 907 2544 repente
933 2486 983 2531 tta,
1044 2484 1068 2531 d.
1088 2487 1120 2530 Ut
1137 2501 1195 2542 nos,
1215 2488 1245 2534 Ε.
1267 2491 1348 2536 Codd.

159 2585 163 2590 ·
221 2559 301 2604 Paris.
321 2559 428 2602 Wimsr.
457 2555 668 2614 Elirom'sdasque
688 2555 719 2599 Τ.
746 2553 952 2614 Elicous'ads'sque
970 2555 1000 2600 ll.
1020 2554 1230 2616 Aelicons'dasque
1248 2558 1278 2602 Α.
1297 2559 1349 2604 Ae·

220 2627 364 2673 liconiadas
383 2633 407 2671 et
420 2623 547 2684 pallidam
560 2639 589 2684 p.
610 2626 663 2669 SM.
684 2624 721 2669 lb.
736 2625 852 2681 pirenem
871 2625 946 2668 RSM.
964 2638 1088 2683 pyrenem
1109 2625 1139 2670 Α.
1192 2623 1215 2670 5.
1229 2616 1267 2670 'Ut
1285 2643 1348 2687 nos,

220 2698 251 2742 A.
278 2698 392 2755 relinquo
411 2694 529 2739 Tnasm.
587 2691 611 2738 6.
637 2694 692 2751 ipse
721 2706 769 2752 ego
786 2695 876 2750 sems'p.
897 2693 926 2742 Ε,
982 2692 1005 2738 7.
1025 2699 1111 2737 natum
1130 2694 1160 2738 Τ.
1178 2707 1280 2739 carmen
1298 2694 1349 2742 lsoe

220 2765 264 2829 aff.
291 2769 322 2811 Α.
352 2763 430 2827 offero
453 2763 482 2809 F.
537 2761 562 2807 8.
588 2760 822 2807 caesarensem.
859 2763 921 2806 Post
938 2776 961 2810 s.
981 2760 1005 2806 8.
1024 2763 1054 2806 Α.
1073 2763 1158 2808 inserit
1175 2760 1265 2808 Corsos
1287 2767 1348 2824 quie

220 2837 282 2882 cts'm
294 2847 367 2880 suum
387 2844 522 2878 sensarum
537 2829 674 2876 salutare?
692 2831 764 2886 (Cot.
779 2832 861 2876 Brun.
879 2837 903 2876 st
924 2831 1034 2887 Fontius,
1054 2830 1134 2877 Persii
1145 2830 1347 2889 editortlldd.),

220 2920 268 2951 non
283 2905 390 2959 amiens,
424 2907 449 2945 ot
473 2905 540 2945 retus
559 2906 595 2946 est
615 2900 752 2946 Weberus:
783 2898 874 2944 Corsos
890 2899 946 2959 puis
961 2901 1021 2944 ots'm
1043 2913 1178 2945 consanum
1195 2902 1310 2945 salutare
1320 2904 1348 2959 1²)

222 2973 246 3020 ⁹.
267 2974 299 3018 nt
316 2986 377 3026 nos,
398 2970 539 3015 TRESAM.
560 2967 634 3027 (non:
661 2969 736 3014 rerba
754 2968 863 3022 nostra).
900 2969 951 3024 „Et
968 2967 1081 3013 blandiri
1096 2970 1209 3028 legitur.”
1227 2971 1346 3016 scrtol..

222 3039 263 3089 10.
284 3040 429 3102 ingeniique
456 3038 597 3084 Thesara.
654 3034 695 3083 12.
724 3035 851 3098 refulgeat
873 3038 922 3082 Es,
979 3035 1020 3082 1³.
1041 3036 1174 3096 pss'trtdas
1201 3039 1347 3085 TRESAM.

222 3109 265 3156 14.
288 3123 429 3170 pegaseum
459 3109 537 3152 melos
560 3107 657 3152 ESAM.
683 3120 871 3166 pegaseumque
888 3107 967 3151 melos
983 3106 1014 3151 R.
1030 3119 1172 3167 pegaseum
1190 3114 1248 3152 tunc
1265 3111 1349 3154 meIos

220 3182 251 3224 Τ.
271 3181 333 3224 Voc.
351 3191 489 3239 pegaseum
502 3190 624 3233 superser.
645 3178 669 3220 in
686 3177 718 3221 T.
728 3190 792 3235 per,
813 3190 866 3222 curn
881 3178 915 3235 gl.
929 3174 1000 3222 ualde
1015 3189 1166 3236 pegaseum.
1210 3177 1263 3222 Clr.
1284 3179 1348 3223 San·

221 3255 270 3294 ten.
290 3251 319 3292 sd
339 3248 512 3292 Terentianum
531 3260 554 3301 p.
577 3243 601 3290 2.

221 3317 224 3324 ’
291 3315 409 3362 serlus
429 3318 448 3361 l.
489 3313 512 3359 1.
533 3313 659 3359 lominum
678 3320 797 3374 quantum
815 3315 885 3369 Vl„
907 3313 1165 3359 ntvolebntSrhuetz.
1202 3314 1281 3359 Primi
1294 3320 1347 3360 tres

220 3400 258 3432 ss.
279 3388 344 3432 raris
363 3387 572 3444 interpunguntur.
611 3382 661 3428 Nos
674 3385 749 3428 secuti
763 3397 845 3428 sarnus
860 3383 1004 3428 P.-Cnd.
1019 3384 1080 3428 Tar.
1094 3388 1118 3428 et
1129 3383 1197 3429 netz.
1218 3385 1269 3428 sic:
1290 3384 1350 3427 Mo·-

221 3455 294 3502 uitnr.
315 3454 378 3517 Quis
396 3480 406 3492 ·
427 3452 509 3498 daec?
532 3453 642 3498 Persius.
663 3449 753 3496 Miu'-
770 3449 830 3496 ais?
849 3453 885 3498 M.
906 3450 984 3498 Nemo
1007 3449 1119 3497 hercule.
1138 3452 1167 3496 P.
1187 3449 1288 3497 Nema?
1306 3453 1347 3501 Μ.

222 3524 267 3570 Vel
285 3551 294 3562 ·
312 3523 468 3570 miserabile.
489 3523 518 3567 P.
539 3521 640 3584 Quare?

289 3665 364 3712 EDD.
383 3663 547 3711 nacnttr'r.
586 3661 611 3711 2.
631 3661 715 3723 llleque
738 3679 760 3708 r.
780 3663 896 3709 Parnaso
914 3665 956 3708 rP.
1013 3659 1037 3707 3.
1058 3663 1162 3708 memini
1188 3675 1241 3718 sue,
1270 3669 1296 3708 ut
1314 3665 1345 3708 P.

221 3734 246 3782 l.
275 3733 503 3794 Heliconiadaspue
531 3733 618 3779 wrw.
683 3731 707 3778 5.
737 3734 851 3792 relinquo
880 3734 925 3790 pP.
989 3730 1013 3777 9.
1043 3731 1118 3776 rerba
1148 3737 1238 3776 nostra
1265 3734 1346 3777 rwW.

223 3804 266 3850 tt.
286 3807 365 3851 meles
382 3805 413 3850 P.

270 3945 416 3993 GLOSSAE
434 3944 583 3992 VETERES
603 3946 635 3991 ΙΝ
654 3946 798 3991 PERSlllM
815 3944 862 3989 EX
884 3943 984 3988 RElle
1003 3941 1208 3989 RECENstONE
1229 3944 1299 3988 CUM

578 4015 767 4060 vntttETATss
785 4012 983 4059 PtTttOEANA.

716 4095 850 4129 rsonoons.

291 4157 316 4204 9.
336 4151 439 4213 Conari]
452 4155 484 4198 Et
501 4151 613 4199 blandiri
629 4155 724 4214 legitur.
764 4151 804 4197 ll.
815 4149 968 4211 Pegaseium
979 4149 1070 4210 melos]
1089 4149 1115 4195 ln
1132 4151 1185 4194 eliis
1198 4156 1236 4196 est
1247 4156 1348 4196 nectar.

291 4223 410 4272 santus
423 4223 443 4268 1.
483 4221 506 4267 1.
521 4220 646 4283 Quantum
658 4223 732 4267 estio
742 4222 817 4267 rebus
827 4215 914 4276 inane]
927 4221 1047 4267 Graecum
1060 4225 1097 4264 eet
1108 4211 1185 4269 ὅσον
1198 4215 1233 4268 τὸ
1247 4216 1346 4269 κενόν.

222 4295 247 4342 2.
268 4293 331 4357 Ous's
349 4295 417 4352 teget
434 4289 506 4349 lraer]
526 4292 593 4335 Hune
612 4304 707 4338 versum
725 4293 754 4337 de
773 4291 859 4336 Lucilii
881 4288 959 4343 primo
977 4289 1108 4336 transtulit.
