2952 4826
166 215 278 312 ⁴rs

237 371 478 437 concelebrare
500 365 646 431 homines
665 377 797 448 possent
820 367 987 453 aureisque
1008 367 1133 433 iuvare.
1277 369 1358 434 1380

234 475 277 538 Et
301 471 448 556 Zephyri
470 492 550 534 cava
572 490 632 552 per
653 468 847 534 calamorum
868 469 963 535 sibila
981 470 1118 552 primum

232 574 403 660 Agresteis
430 577 570 639 docuere
592 593 688 636 caras
709 571 823 636 inllarc
846 571 981 636 cicutas.

231 679 311 742 Inde
333 675 508 740 minutatim
531 673 652 738 dulceis
677 673 820 739 didicere
839 675 1002 760 querelas,

234 779 330 844 Tibia
350 800 430 865 quas
452 775 557 842 fundit
580 775 691 861 digitis
713 775 837 860 pulsata
860 789 1042 855 canentum,

231 881 317 944 Avia
341 902 400 964 per
422 895 555 945 nemora
577 899 614 942 ac
636 877 733 942 silvas
754 878 914 964 saltusque
935 891 1080 962 reperta,
1271 881 1354 944 1385

232 985 298 1047 Per
317 983 390 1047 loca
412 993 586 1066 pastorum
601 983 725 1044 deserta
747 991 842 1065 atque
865 980 932 1045 otia
954 981 1018 1045 dia.

300 1085 354 1148 Sic
377 1106 471 1147 tinum
493 1079 652 1169 quidquid
673 1081 836 1164 paullatim
859 1083 1024 1166 protrahit
1045 1095 1131 1150 aetas

231 1188 271 1251 ln
298 1185 434 1249 medium
457 1184 607 1270 ratioque
628 1182 660 1247 in
684 1181 811 1247 luminis
833 1183 917 1248 eruit
938 1206 1026 1250 oras.

294 1292 387 1353 Haeo
409 1285 531 1352 animos
554 1284 629 1351 ollis
650 1285 832 1350 mulcebant
854 1297 948 1372 atque
969 1286 1122 1352 iuvabant

235 1390 316 1456 Cum
341 1389 450 1454 satiate
474 1387 559 1453 cibi:
584 1409 654 1451 nam
676 1400 742 1452 tum
764 1399 836 1452 suut
859 1389 967 1454 omnia
990 1390 1097 1455 cordi.
1270 1394 1355 1458 1390

295 1497 398 1574 Saepe
421 1490 528 1576 itaque
550 1489 633 1554 inter
655 1512 688 1554 se
711 1490 886 1574 prostratei
911 1490 943 1554 in
966 1491 1110 1576 gramine
1133 1492 1225 1559 molli

233 1598 377 1678 Propter
399 1613 499 1679 aquae
521 1591 644 1668 rivum,
668 1594 727 1656 sub
748 1591 847 1657 ramis
871 1592 1000 1659 arboris
1022 1595 1120 1672 altae,

231 1699 308 1761 Nou
332 1695 455 1780 tnagnis
474 1693 594 1776 'opibus
615 1693 753 1773 iocunde
776 1715 920 1778 corpora
942 1697 1124 1761 habehant:

230 1796 444 1871 Praesertim,
468 1817 566 1881 quom
588 1805 759 1878 tempestas
780 1797 907 1861 ridebat
929 1808 960 1862 et
982 1797 1056 1862 anni

230 1903 396 1982 Tempora
415 1897 591 1981 pingebant
613 1896 799 1963 viridanteis
820 1899 956 1965 llorihus
978 1901 1110 1966 herhas.
1266 1906 1354 1969 1395

233 2005 316 2064 Tum
339 2001 431 2076 ioca,
454 2011 520 2062 tum
542 2020 668 2076 sermo,
690 2011 756 2063 tum
780 2000 889 2066 dulces
911 2023 979 2066 esse
1003 2004 1168 2069 cachinnei

231 2103 456 2168 Consecrant:
482 2100 618 2186 agrestis
641 2101 724 2165 enim
747 2114 811 2165 tum
836 2124 923 2167 musa
944 2104 1094 2189 vigebat.

231 2207 315 2268 Tum
338 2215 435 2287 capnt
456 2215 550 2288 atque
573 2206 724 2269 humeros
746 2203 851 2288 plexis
872 2205 1023 2271 redimire
1048 2207 1198 2285 coronis,

228 2306 385 2371 Floribus
408 2315 440 2369 et
461 2304 553 2369 foliis
574 2305 706 2370 lascivia
729 2307 810 2370 laeta
834 2311 984 2371 monebat

228 2412 339 2493 Atque
360 2419 453 2471 extra
474 2429 639 2470 nnmerum
661 2412 858 2491 procedere,
883 2413 1025 2474 membra
1048 2411 1224 2478 moventeis
1269 2416 1354 2480 1100

228 2511 379 2585 Duriter,
403 2522 435 2573 et
453 2514 534 2575 duro
559 2520 677 2573 terram
697 2513 779 2592 pede
799 2512 919 2593 pellere
943 2524 1094 2578 matrem:

231 2614 323 2678 Unde
347 2612 534 2677 oriebantur
557 2611 640 2675 risus
664 2613 836 2698 dulcesque
856 2614 1022 2692 caehinni3

228 2713 344 2780 Omnia
366 2718 454 2798 quod
476 2736 561 2779 nova
583 2725 648 2777 tum
671 2715 772 2799 magis
793 2718 873 2780 haec
891 2728 922 2780 et
944 2718 1024 2782 mira
1046 2719 1212 2805 vigebant.

227 2819 272 2879 Et
294 2815 502 2900 vigilantibus
522 2815 598 2880 hinc
618 2821 751 2881 aderant
772 2818 887 2882 solatia
910 2841 1044 2898 somno,

227 2919 356 2982 Ducere
374 2917 568 2982 multimodis
590 2940 689 2985 voces
712 2929 744 2983 et
763 2919 894 2985 flectere
921 2935 1031 2987 cantus
1265 2930 1350 2992 1005

227 3022 271 3083 Et
289 3041 405 3101 supera
428 3019 567 3084 calamos
590 3042 674 3085 unco
693 3043 887 3103 percurrere
910 3023 1023 3090 labro:

229 3124 322 3187 Unde
346 3121 439 3186 etiam
461 3119 577 3206 vigiles
595 3142 678 3185 nuuc
701 3125 780 3187 haec
800 3136 934 3207 accepta
951 3138 1079 3193 tuentur

226 3227 271 3290 Et
291 3223 430 3287 numeris
451 3245 582 3287 servare
606 3245 705 3308 genus
723 3223 883 3302 didicere3
907 3250 1008 3314 neque
1031 3231 1098 3296 hilo

280 3441 356 3489 ¹³3⁰·
376 3443 477 3488 Plffllll
490 3442 573 3487 Gallu·
582 3439 613 3498 4»
629 3440 658 3497 3,
675 3442 699 3488 l·
717 3443 787 3505 Age,
799 3444 907 3501 tibicen,
919 3449 994 3492 suuni
1002 3457 1079 3495 contu
1090 3453 1238 3498 concelebra
1249 3468 1347 3502 ornnem

224 3512 290 3559 hunc
305 3515 418 3570 pluteum
434 3510 583 3572 hyrcanum.
623 3510 699 3558 1388.
719 3515 799 3574 erigit
814 3517 875 3561 Cod.
887 3530 963 3573 unus,
980 3524 1036 3566 utv.
1051 3518 1126 3566 1454.
1166 3521 1241 3570 1390.
1261 3529 1347 3571 omnia

225 3585 301 3629 Codd.
312 3583 373 3629 Edu.
385 3587 443 3628 vett.
457 3582 486 3629 L.
499 3582 591 3627 Eichst.
612 3607 645 3616 -
663 3583 716 3627 otia
730 3584 791 3628 God.
807 3598 877 3630 unus.
890 3586 949 3631 Feb.
961 3590 1024 3634 ceni.
1039 3590 1068 3634 ll.
1082 3591 1125 3636 W.
1145 3594 1238 3638 Verum
1250 3601 1347 3642 senteu-

224 3655 258 3698 tia
281 3654 340 3698 haee
364 3657 414 3698 est:
452 3656 524 3706 „lum
555 3653 651 3696 demum
682 3653 758 3698 libere
785 3668 830 3700 nos
857 3657 1001 3702 delectamus
1027 3661 1145 3718 genioque
1172 3663 1347 3723 indulgemus.”

227 3720 304 3777 etot,
323 3722 406 3768 somni
426 3719 454 3782 L.
472 3721 503 3765 ll.
530 3720 561 3764 Ut
577 3735 636 3775 nos,
655 3722 727 3766 ctiam
741 3721 770 3767 C.
786 3723 818 3767 li.
874 3721 951 3770 1406.
971 3740 1050 3773 reuco
1065 3731 1134 3775 Bria.
1152 3731 1229 3778 Codd.
1242 3734 1293 3779 Pii.
1314 3755 1344 3770 ι-

225 3792 273 3838 udo
288 3793 367 3838 Beati.
407 3786 484 3836 1107.
503 3789 590 3844 „llnde
610 3791 681 3835 etiam
699 3805 761 3835 nune
779 3791 908 3848 excubiae,
928 3799 1054 3852 custodes,
1075 3801 1114 3857 qui
1133 3815 1243 3846 somnum
1261 3818 1345 3849 arcere

223 3863 321 3915 volunt,
341 3865 436 3906 cantare
455 3858 559 3904 solent.”
584 3859 637 3904 cfr.
656 3859 767 3911 Aeschyli
786 3862 926 3918 Agarnemu.
944 3862 984 3910 16.
1004 3859 1078 3917 ὅταν
1095 3867 1119 3916 δ’
1133 3863 1242 3920 ἀείδειν
1258 3866 1281 3937 ἦ
1295 3887 1346 3937 μα,

223 3927 366 4002 adprobet
383 3926 479 3984 δοκῶ,
510 3920 605 3978 ὕπνου
624 3925 684 3978 τόδ’
701 3922 885 3994 ἀντίμολπον
902 3928 1049 3998 ἐντέμνων
1064 3929 1141 4000 ἄκος
1158 3955 1185 3989 κ,
1198 3953 1223 3990 τ.
1244 3939 1270 3990 λ.
1289 3944 1345 3987 Λή.

224 4001 304 4056 stoph.
319 3999 382 4066 Nuh.
404 3995 463 4043 720.
483 3993 619 4067 φρουρᾶς
635 3989 727 4066 ᾄδων.
783 3997 859 4046 ltus.
878 4005 1065 4052 numerialldd.
1084 4013 1141 4053 vett.
1164 4031 1194 4043 -
1214 4009 1345 4056 animam

224 4071 256 4114 Δ.
270 4069 299 4113 L.
311 4068 341 4112 Η.
370 4064 466 4124 [Sisque
486 4067 558 4112 etiam
573 4067 643 4112 C.E.
664 4067 840 4115 Nihilominus
856 4073 931 4118 altera
947 4075 1017 4120 lectio
1035 4089 1199 4130 „conservare
1218 4094 1288 4126 auum
1303 4095 1345 4140 ge.

225 4151 269 4184 nus
288 4137 389 4195 singulis
406 4135 537 4180 numeris”
559 4137 638 4192 optior
655 4135 770 4197 videtum]
826 4137 902 4188 1409.
922 4144 962 4188 Sic
983 4145 1056 4190 etiam
1073 4146 1104 4193 h.
1135 4148 1195 4196 Est:
1220 4151 1345 4205 „fructum

214 4209 316 4254 ¹maiore
329 4205 452 4250 dulcedine
464 4205 624 4260 praeditum.”
643 4231 676 4240 -
693 4207 816 4252 maiorem
829 4233 838 4247 -
852 4235 862 4248 ·
874 4210 1005 4258 dulcedius
1016 4214 1043 4261 C.
1058 4235 1094 4250 -
1106 4219 1228 4264 maiorem
1240 4243 1250 4258 ·
1263 4243 1274 4258 -
1288 4218 1344 4264 dul-

224 4276 315 4324 cedini'
333 4276 362 4321 L·
383 4274 413 4321 ll·
470 4270 546 4319 1113.
575 4275 707 4324 Construea
734 4277 928 4340 ,Posteriorque
955 4282 1006 4328 lere
1028 4287 1118 4332 tuelier
1142 4301 1183 4334 res
1207 4290 1286 4346 perdit
1302 4289 1344 4334 itt.
