2964 4814
143 369 214 431 Ant
239 392 254 431 e
280 381 367 432 veste
390 390 445 432 sua
470 370 599 432 tendent
620 367 805 433 umbracula
825 368 917 434 sertis

107 505 109 508 ·
211 471 350 543 Vincta,
376 482 547 533 coronatus
569 471 664 533 stabit
687 481 720 532 et
743 481 814 533 ante
837 471 933 532 calix.

144 574 193 635 Ar
216 571 277 634 sibi
300 571 433 654 quisque
457 573 553 652 dapes
577 583 608 634 et
629 571 727 634 festas
750 581 895 634 exstruet
917 571 979 633 alte

217 671 400 754 Cespitibns
421 693 543 734 mensas
567 672 802 756 cespitibusque
825 683 943 735 torum.

149 777 280 858 lugeret
303 773 353 835 bio
375 785 470 853 potus
493 773 616 836 iuvenis
641 773 802 836 maledieta
826 774 971 854 puellae,

190 877 394 938 -Postmodo
418 889 497 958 qnae
521 874 604 938 votis
627 873 718 937 irrita
740 873 824 936 facta
848 873 935 936 velit.

151 979 233 1037 Nam
254 976 343 1038 serus
365 977 418 1038 ille
440 997 514 1038 snae
537 976 678 1056 plorabit
700 975 827 1040 sobrius
850 976 929 1039 idem

213 1079 256 1139 Et
279 1099 313 1138 se
334 1077 451 1140 iurabit
472 1088 575 1140 mente
595 1077 694 1140 fnisse
718 1080 810 1141 mala.

150 1181 236 1240 Pare
258 1189 330 1252 tna,
355 1190 489 1259 pereant
511 1200 602 1242 arcus
625 1191 820 1264 pereantque
843 1183 998 1266 sagittae,

215 1281 366 1354 Phoebe,
393 1283 487 1344 modo
510 1280 657 1343 interris
680 1292 765 1343 erret
787 1282 914 1344 inermis
938 1284 1058 1356 Amor,
1111 1305 1116 1318 ·

150 1382 216 1442 Ars
239 1383 342 1455 bona;
364 1381 435 1459 sed,
459 1392 627 1464 postquam
651 1382 783 1463 sumpsit
807 1381 868 1445 sibi
890 1384 952 1446 tela
977 1383 1125 1465 Cupido,

156 1487 159 1498 ¹
215 1484 286 1544 Heu
311 1486 372 1546 beu
395 1505 496 1566 qnam·
513 1483 616 1545 multis
640 1482 800 1576 arsdedit
822 1482 875 1545 illa
900 1484 1030 1547 malum!

150 1585 193 1644 Et
218 1584 291 1646 mibi
314 1585 507 1666 praecipue:
531 1584 620 1647 iaceo
644 1605 739 1668 quom
764 1585 896 1647 sancius
912 1606 1025 1647 anmun

214 1688 256 1747 Et
278 1686 374 1749 faveo
398 1689 532 1760 morbo,
558 1707 653 1769 quom
676 1686 763 1748 iuvat
783 1685 852 1768 ipse
876 1687 988 1760 dolor,

148 1788 260 1870 Usque
283 1809 362 1850 cano
386 1787 555 1862 Nemesin,
580 1788 646 1849 sine
669 1807 730 1869 qua
753 1808 865 1850 versus
887 1786 962 1848 mibi
985 1787 1087 1848 nullus

213 1882 322 1949 Verba
346 1900 453 1969 potest
476 1889 575 1952 iustos
600 1900 652 1950 ant
674 1888 817 1967 reperire
838 1889 948 1966 pedes.

150 1991 198 2050 At
218 2000 272 2063 tn,
295 2009 365 2056 nam
389 1989 495 2051 divum
519 2005 626 2051 servat
649 1988 748 2050 tutela
770 1991 903 2070 poetas,

211 2090 436 2164 Praemoneo,
456 2089 530 2152 rati
550 2110 668 2172 parce,
693 2083 822 2170 puella,
842 2111 959 2152 sacro:

151 2192 195 2253 Ut
219 2191 424 2254 Messalinum
449 2191 627 2267 celebrem,
653 2212 749 2275 quom
771 2191 910 2272 praemia
932 2192 1007 2254 belli

212 2292 297 2353 Ante
319 2313 396 2356 snos
419 2314 531 2355 currus
555 2292 672 2374 oppida
694 2292 777 2354 vieta
799 2293 902 2367 leret,

147 2393 223 2474 lpse
246 2415 360 2475 gerens
382 2394 507 2466 lanrns;
532 2394 622 2456 lauro
645 2392 810 2457 devinctus
832 2394 965 2477 agresti,

213 2494 329 2567 Miles,
351 2495 409 2568 Io,
436 2515 549 2577 magna
574 2514 673 2570 voce,
700 2495 875 2574 Triumphe
885 2538 894 2569 ,
926 2507 1028 2556 canet.

148 2596 242 2656 Tunc
265 2595 406 2656 Messala·
428 2616 512 2656 mens
534 2594 586 2675 pia
610 2597 663 2657 det
685 2595 863 2676 spectacula
887 2598 1000 2658 turbae

211 2697 255 2756 Et
277 2697 405 2777 plaudat
428 2717 524 2757 curru
547 2693 768 2775 praetereunte
789 2707 892 2776 pater.

151 2800 286 2868 Anune3
309 2797 354 2858 sic
375 2795 433 2859 tibi
456 2796 515 2860 sint
537 2789 677 2871 intonsi,
702 2799 852 2872 Phoebe,
879 2797 1002 2878 capilli,

212 2898 265 2959 Sic
288 2909 341 2960 tna
364 2910 519 2980 perpetuo
542 2895 583 2960 sit
605 2898 662 2960 tibi
685 2909 770 2960 casta
793 2903 906 2962 soror!

428 3064 980 3144 trsnuoourounnr

467 3187 566 3246 Ltont
589 3185 654 3248 Ill.
678 3179 870 3247 ELEGIA.
894 3185 940 3247 V.

147 3313 219 3374 Vos
243 3319 346 3382 tenet,
371 3305 517 3370 Etruscis
540 3316 644 3367 manat
666 3326 747 3386 qnae
769 3305 910 3368 sontibus
933 3307 1034 3380 nuda,

211 3411 301 3474 Unda
325 3411 383 3472 snb
406 3407 556 3470 aestivmn
580 3427 643 3468 non
666 3407 808 3468 adeunda
832 3404 973 3481 Canem,

139 3571 291 3635 fictumque]
312 3586 364 3616 curn
383 3572 442 3615 Cdd.
463 3572 567 3616 Broulth.
584 3571 682 3615 Larhrn.
698 3562 729 3604 -²
743 3567 904 3631 deficientpue
922 3567 1056 3634 Regieosis.
1077 3568 1107 3611 ll.
1134 3565 1192 3612 103.
1212 3570 1263 3612 iarn

146 3643 208 3686 Cod.
230 3641 253 3684 1.
275 3643 305 3684 V.
362 3637 418 3685 105.
436 3639 551 3698 pereant]
571 3654 624 3683 rum
642 3639 701 3683 Cdd.
721 3638 750 3681 L.
771 3661 803 3671 —
819 3644 971 3695 pereuntque
989 3637 1060 3694 vulgo
1080 3651 1092 3680 e
1111 3636 1174 3679 libro
1194 3638 1261 3679 Stor-

146 3713 203 3754 tiae.
249 3706 308 3754 107.
328 3722 376 3752 sua
393 3710 442 3752 teta
462 3709 536 3752 Codd.
558 3706 583 3753 2.
603 3711 635 3752 V.
681 3703 738 3752 108.
758 3707 808 3750 isto
827 3705 902 3753 Codd.
924 3706 1001 3749 multi.
1021 3707 1053 3749 V.
1073 3704 1101 3748 Β.
1154 3701 1212 3749 109.
1232 3705 1281 3756 At.

146 3780 178 3823 nl.
227 3775 286 3821 110.
299 3774 374 3835 foveo
392 3777 504 3821 morbum
523 3777 567 3822 Cd.
591 3774 614 3820 1.
636 3777 723 3820 Totum
742 3777 820 3818 lorum
833 3775 945 3820 constitui
959 3782 1011 3818 enin
1024 3772 1121 3816 Lartem.
1137 3773 1259 3818 unsrun:

123 3871 125 3874 ·
145 3871 178 3882 -
192 3843 226 3890 Er
242 3844 305 3889 milri
319 3847 470 3903 praecipue,
491 3846 561 3889 iaceo
578 3859 651 3902 quom
669 3843 773 3888 saueius
789 3855 881 3886 annum
899 3841 932 3886 Et
941 3839 1019 3901 fureo
1037 3841 1122 3885 morbo
1128 3853 1140 3895 ;
1156 3847 1207 3885 tom
1220 3842 1263 3886 iu.

145 3921 186 3960 ent
203 3916 259 3971 ipse
278 3913 364 3958 dolor!
393 3913 490 3972 Vixque
508 3927 572 3957 rouo
589 3913 725 3958 Nemesin:
755 3912 778 3955 in
799 3911 884 3968 quibus
904 3917 954 3955 tom
974 3916 1010 3956 est
1031 3924 1043 3954 e
1063 3911 1126 3954 coni.
1145 3912 1262 3956 Passera-

144 3986 186 4038 ui,
217 3981 315 4041 Vixque
340 3984 427 4028 babent
457 3983 507 4026 ltali
538 3988 561 4026 et
591 3984 681 4037 primus
706 3983 779 4024 Aldus
807 3979 871 4024 dedit
891 3977 964 4026 1515.
1002 3976 1082 4039 anrrs
1099 3982 1264 4035 praetulerunt

146 4056 216 4097 etiam
228 4053 316 4096 Wund.
336 4055 366 4097 V.
381 4052 441 4098 etB.
484 4048 541 4094 112.
554 4051 680 4108 reperisse
693 4048 770 4093 (lodd.
782 4045 806 4092 d.
822 4049 853 4094 V.
867 4049 895 4093 Β.
930 4046 988 4093 tlt.
1001 4049 1088 4094 tauros
1102 4064 1113 4093 e
1129 4047 1173 4096 ct.
1188 4051 1216 4094 C.
1231 4049 1261 4094 1..

549 4165 604 4208 Lm.
624 4165 669 4208 lll.
707 4163 802 4208 ELEG.
824 4165 855 4207 V.

200 4263 223 4307 1.
245 4261 367 4307 inentibus
388 4263 447 4309 Cod.
469 4259 492 4305 t.
513 4262 558 4305 duo
577 4263 599 4294 a..
619 4272 688 4293 mm
717 4262 737 4294 v
