2952 4826
125 361 173 426 Et
195 382 291 446 qnam
309 356 479 422 falciferos
502 369 655 422 armatum
679 359 849 422 ascendere
874 377 1001 422 currus.

125 466 209 528 Inde
227 466 332 526 boves
355 463 479 537 Lucas,
502 459 620 525 turrito
644 481 803 542 corpore,
826 470 947 536 tetros,

131 564 356 649 Anguimanos
373 561 452 626 belli
474 566 653 627 docuerunt
675 562 808 628 volnera
831 561 955 627 Poeuei

131 670 273 730 Sufferre
293 677 326 730 et
346 686 478 750 magnas
499 663 619 730 Martis
641 667 772 729 turbare
795 675 952 728 catervas.

133 769 190 833 sie
210 768 273 833 alid
288 791 329 832 ex
347 767 413 832 alio
432 767 560 850 peperit
578 767 743 832 discordia
765 767 883 842 tristis,

131 870 304 937 Horribile
327 870 471 934 humanis
492 875 581 955 quod
602 870 748 956 gentibus
767 882 850 936 esset
870 869 903 933 in
921 869 1034 945 armis,

130 975 234 1059 Inque
255 972 321 1036 dies
344 971 423 1037 belli
443 973 625 1038 terroribus
646 973 771 1038 addidit
792 995 940 1059 augmen.

196 1079 375 1139 Tentarunt
393 1074 486 1139 etiam
507 1088 617 1139 tauros
638 1075 672 1138 in
694 1097 843 1141 moenere
861 1074 938 1139 belli

129 1177 353 1262 Experteique
370 1180 446 1240 sues'
462 1198 577 1241 saevos
598 1189 670 1240 sunt
691 1177 816 1242 mittere
838 1177 871 1240 in
890 1175 1028 1252 hosteis3

128 1282 175 1344 Et
196 1276 323 1344 validos
343 1279 460 1362 partim
482 1301 612 1362 praese
633 1278 747 1344 misere
769 1281 880 1344 leones

131 1382 216 1447 Cum
239 1381 429 1446 ductoribus
450 1381 580 1445 armatis
598 1381 765 1468 saevisque
785 1380 965 1466 magistris,

133 1484 218 1566 Quei
237 1483 437 1549 moderarier
454 1484 504 1548 his
521 1496 655 1567 possent
676 1484 854 1569 vinclisque
871 1495 997 1547 tenere:

130 1586 376 1673 Nequidquam
399 1586 550 1672 quoniam
573 1585 734 1670 permixta
756 1589 851 1650 caede
877 1585 1014 1650 calentes

132 1691 323 1753 'sorbebant
342 1687 448 1752 saevei
470 1690 558 1754 nullo
582 1686 764 1752 discrimine
787 1700 923 1762 turmas,

133 1789 310 1855 'l'errificas
337 1789 477 1874 capitum
500 1791 679 1876 quatientes
702 1789 840 1874 undique
865 1789 997 1865 cristas;

132 1895 205 1958 Nee
225 1904 376 1976 poterant
401 1893 523 1978 equites
545 1892 676 1956 fremitu
699 1892 871 1974 perterrita
893 1914 1050 1978 equorum

133 1998 277 2061 Pectora
300 1996 440 2059 mulcere
462 2008 492 2059 et
515 1995 616 2059 frenis
638 2006 834 2060 convortere
857 1995 889 2058 in
910 1995 1047 2060 besteis.

132 2098 264 2161 irritata
287 2098 355 2161 leae
378 2096 536 2162 iaciebant
556 2120 700 2181 corpora
722 2098 804 2161 saltu

133 2201 283 2285 Undique
307 2212 339 2264 et
360 2203 533 2264 advorsum
556 2199 755 2264 venientibus
780 2222 838 2263 ora
861 2201 1011 2282 petebant

133 2305 179 2366 Et
197 2323 255 2365 uec
278 2301 456 2384 opinanteis
476 2324 493 2364 a
514 2313 609 2386 tergo
634 2301 845 2383 diripiebant,

134 2405 364 2489 Deplexaeque
387 2407 503 2467 dabant
525 2405 558 2468 in
575 2416 693 2486 terram
718 2406 851 2468 volnere
872 2403 993 2479 victos,

135 2505 308 2570 Mur-sibus
331 2508 442 2570 affixae
467 2506 581 2570 validis
604 2517 699 2592 atque
718 2507 876 2592 unguibus
895 2485 1017 2568 uncis.⁸

134 2610 364 2694 lactabantque
387 2630 462 2673 suos
482 2608 585 2672 taurei
604 2608 802 2694 pedibusque
824 2611 987 2681 terebant;

134 2713 180 2774 Et
201 2711 300 2774 latera
320 2733 367 2774 ac«
380 2723 505 2774 ventres
527 2710 697 2773 hauribant
721 2714 831 2773 subter
853 2732 1008 2794 equorum

135 2813 302 2878 Cornibus
322 2824 352 2876 et
374 2824 492 2876 terram
512 2811 667 2876 minitanti
692 2824 794 2876 mente
816 2816 964 2876 ruebant.

135 2917 181 2980 At
203 2913 319 2978 validis
342 2913 451 2979 socios
473 2917 647 2978 caedebant
667 2914 813 2977 dentibus
836 2915 944 2997 aprei,

136 3018 217 3082 Tela
240 3017 376 3080 infracta
399 3039 456 3080 suo
479 3016 639 3100 tingentes
666 3017 819 3100 sanguine
843 3009 964 3092 saevei,

136 3121 175 3183 ln
199 3141 233 3183 se
259 3119 362 3181 lraeta
384 3141 441 3182 suo
464 3118 623 3203 tingentes
647 3119 801 3202 sanguine
826 3119 905 3194 tela,

135 3312 292 3357 eierelunte.
312 3311 427 3366 Explica:
452 3311 559 3370 „dextra
576 3324 633 3355 vere
648 3311 747 3356 fortiter
769 3312 901 3370 pugnare.”
938 3313 1060 3356 i'irsuatur
1076 3316 1252 3372 auteiueigere

135 3383 194 3426 aC.
211 3381 242 3425 E.
288 3378 365 3426 1299.
385 3380 497 3439 biiugum
520 3393 541 3424 s.
569 3379 683 3442 biiugum
700 3381 774 3426 Wak.
797 3382 861 3425 coiri.
886 3381 947 3425 Cod.
969 3379 1005 3428 ΙΙ.
1024 3381 1145 3442 biiugem.
1175 3384 1256 3427 Ceteri

135 3463 236 3495 omues:
257 3449 353 3509 biiugo.
372 3449 474 3508 biiugos
489 3463 543 3493 eum
560 3449 640 3493 Fabro
653 3451 758 3494 inalebut
772 3452 852 3496 Bentl.
893 3448 968 3496 1300.
989 3451 1113 3495 inuentum
1127 3451 1167 3495 Pii
1180 3452 1256 3496 Codd.

134 3521 164 3564 A.
178 3520 207 3564 L.
225 3521 255 3564 tt.
294 3516 369 3564 1309.
388 3516 580 3564 PurtAeiCodd.
594 3517 619 3564 lt.
637 3520 725 3576 aliique
743 3534 782 3575 ap.
798 3521 870 3564 Pium
882 3520 910 3567 L.
925 3520 954 3563 Η.
969 3521 1011 3566 W.
1032 3543 1064 3552 -
1080 3521 1177 3576 purtim
1190 3521 1256 3565 ileli-

135 3591 185 3648 qui.
199 3589 261 3635 Edd.
276 3593 333 3635 vett.
353 3589 399 3632 At.
416 3588 447 3632 A.
462 3589 620 3644 probantibus
635 3589 714 3633 Bentl.
735 3603 763 3634 ae
778 3591 862 3647 Preig.
888 3587 986 3648 [Recepi
1002 3603 1063 3632 uuae
1075 3589 1171 3646 partim
1186 3591 1259 3633 etiam

135 3674 190 3705 cum
205 3659 266 3702 Cdd.
278 3658 308 3702 C.
323 3662 347 3703 et
362 3657 393 3702 Ε.
409 3659 427 3702 1.
440 3671 463 3702 e.
481 3659 601 3703 nonnulli.
620 3659 675 3714 ipss
693 3661 757 3702 euim
773 3673 796 3704 v.
812 3656 888 3704 1340.
907 3671 974 3716 seqq.
991 3659 1108 3702 incertum
1127 3658 1255 3715 relinquit,
1291 3715 1294 3722 Δ

136 3736 216 3775 utrum
234 3729 257 3772 id
276 3740 377 3785 unquam
395 3741 423 3772 re
441 3741 498 3772 sera
517 3728 606 3772 iactum
629 3730 661 3772 sit
679 3742 763 3774 necne.
795 3729 848 3774 Non
867 3730 940 3788 igitur
959 3729 983 3772 b.
1004 3730 1020 3772 Ι.
1040 3723 1132 3772 eertuin
1151 3728 1203 3771 eius
1222 3728 1258 3772 in-

135 3799 196 3855 cepti
214 3799 349 3852 exemplum
366 3797 455 3841 afferre
474 3803 577 3853 poterat.
598 3798 695 3855 purtim
707 3799 743 3850 sie
756 3804 893 3852 usurpatum
907 3798 981 3841 babes
994 3799 1066 3842 eliam
1078 3797 1133 3844 Lib.
1146 3795 1175 3852 6,
1191 3795 1254 3843 1171

135 3865 262 3924 etim]
320 3863 395 3911 1³10.
415 3865 650 3912 doctoribusGodd.
664 3867 915 3924 aliq.,etia1nC.E.
929 3869 972 3910 W.
1030 3863 1105 3911 1311.
1126 3864 1255 3912 loetali.

136 3935 213 3982 1319.
232 3935 390 3994 deripiebant
401 3936 430 3980 L.
444 3937 474 3980 li.
514 3933 589 3984 1320.
608 3937 626 3982 i.
641 3951 664 3982 e.
679 3942 730 3981 arte
743 3937 877 3991 amplexae.
923 3933 998 3980 1322.
1018 3948 1079 3980 eune
1096 3936 1124 3981 C.
1139 3937 1170 3981 E.
1186 3938 1256 3984 Bria.

134 4008 165 4052 11.
176 4012 223 4052 eet.
243 4029 276 4040 --
295 4019 354 4050 enee
366 4007 425 4054 Ver.
437 4007 499 4053 Vsu.
513 4007 557 4051 Av.
571 4006 601 4050 L.
650 4002 726 4050 13211.
747 4004 781 4052 nd
793 4011 934 4063 tetrumque
947 4005 1054 4051 iniurati
1067 4009 1095 4050 A.
1106 4007 1136 4052 L.
1148 4008 1178 4052 11.
1193 4012 1256 4054 eete-

134 4090 188 4121 rum
200 4073 318 4123 trained
332 4079 436 4119 terrum.
493 4073 569 4121 1327.
589 4075 739 4120 subditivum
758 4075 861 4118 iudicant
880 4074 1004 4131 plerique,
1030 4077 1053 4120 in
1074 4076 1159 4132 quibus
1177 4078 1256 4122 Bentl.

135 4151 158 4191 et
173 4145 267 4201 Forb.;
285 4146 313 4189 de
331 4145 420 4199 duplici
433 4150 513 4190 autem
528 4146 668 4190 recensione
681 4146 803 4204 cogitabat
820 4145 880 4188 fluv.
912 4145 959 4188 Sed
978 4146 1029 4189 vide
1046 4161 1075 4190 us
1087 4146 1207 4190 similibus
1219 4160 1257 4188 re·

135 4215 290 4273 petitionibus
301 4210 331 4267 5,
348 4211 424 4260 1189.
440 4211 470 4268 ti,
486 4213 528 4258 15.
544 4215 638 4260 defendi
654 4217 740 4271 possit.
765 4216 852 4272 Sitque
864 4215 956 4269 aceepit
969 4215 1040 4258 etiam
1053 4215 1200 4260 Knebelius;
1220 4214 1258 4256 eie

133 4282 237 4343 scithim
253 4281 376 4328 mittitur
397 4284 432 4328 im
450 4282 565 4329 Grimme
590 4283 631 4329 dte
651 4282 767 4346 Wuffeu‚
794 4282 844 4330 Mil
868 4284 923 4330 dem
947 4285 1054 4344 eigenen
1077 4281 1138 4327 Blut
1160 4281 1201 4326 die
1224 4293 1257 4324 un
