2948 4820
667 363 797 410 TllllLlA.

344 460 443 542 Queis
459 461 647 540 desideriis,
673 465 712 527 ah
735 463 849 530 miser!
874 466 1023 530 aestuas?

343 565 561 649 Praegnantes
584 564 682 628 veluti
701 553 774 650 pica
796 566 906 652 coquit
928 590 1003 646 sua,

427 668 572 731 Mentem
595 689 695 750 prava
718 669 836 752 cupido

511 771 596 835 Atra
617 773 772 854 compede
792 772 938 839 fascinat.

674 937 794 983 roura.

342 1033 483 1099 Haurire
505 1036 649 1119 lymphas
672 1040 751 1118 (urit
771 1038 853 1101 enim
876 1040 955 1120 sitis)

342 1136 428 1201 Hinc
451 1149 557 1221 optem
581 1150 613 1202 et
635 1141 724 1205 Osco
748 1153 839 1205 more
862 1141 1004 1206 seniliter

425 1238 582 1304 Bacchari
603 1252 635 1304 et
656 1242 803 1326 antiquos
825 1244 952 1308 caducis

512 1344 638 1408 Eruere
660 1366 701 1410 ex
722 1344 849 1409 tumulis
872 1347 998 1428 poe'tas.

670 1491 800 1536 THAle.

311 1624 314 1628 ·
344 1588 444 1652 Malis
468 1590 555 1652 labra
578 1609 671 1655 sacro
693 1590 821 1676 tingere
842 1590 987 1670 flumine,

345 1692 444 1771 Quod
464 1691 530 1754 fixa
553 1690 660 1755 elicuit
681 1693 828 1777 Pegasus
851 1693 991 1776 unguld:

428 1794 472 1859 Ut
494 1794 613 1876 spumis
637 1794 809 1880 Aganippe

514 1898 652 1962 Nostras
668 1897 839 1962 'subsiliens
860 1897 987 1962 fremit!

674 2042 792 2112 rodun.

347 2162 452 2242 eram
474 2160 566 2225 dulce
588 2163 698 2228 Flacci
719 2165 760 2226 mi
783 2163 886 2245 sapiat
907 2184 1049 2239 merum,
1106 2143 1107 2150 ἵ

345 2263 414 2328 Scis
436 2263 524 2346 ipsa,
548 2266 605 2327 sed
626 2286 710 2327 natue
730 2264 867 2328 Pacuvii
888 2266 1029 2347 scyphos

434 2364 552 2431 Orcxis
570 2366 724 2459 ¹Atellaua
746 2369 856 2430 suadet

515 2471 560 2534 Et
581 2469 717 2554 tepidam
741 2459 838 2533 Matii
860 2470 1018 2554 lagenam.

671 2616 800 2662 Tutum.

345 2717 478 2782 Verbo:
502 2738 629 2799 semper
651 2737 735 2779 amas
758 2716 869 2793 devia,
894 2717 1002 2779 niteris

346 2820 509 2902 Praeceps
531 2819 562 2882 in
585 2819 734 2882 vetitum:
759 2818 787 2881 si
808 2818 904 2883 lituos
927 2819 1026 2882 leram

405 2923 535 2996 ·Euni,
558 2921 609 2984 fer
631 2919 725 2998 mihi,
751 2920 853 2999 dices,

515 3024 645 3089 Claram
668 3023 799 3108 Virgilii
822 3027 941 3090 tubam.

675 3147 795 3218 rodun.

348 3273 378 3337 Ο
401 3270 504 3348 Diva,
530 3291 689 3357 nunquam
711 3271 849 3335 senseris
872 3273 1004 3354 amplius

347 3373 636 3459 Iuobsequenlem:
661 3374 746 3454 (iuro
769 3396 828 3456 per
849 3374 960 3458 igneas

429 3475 558 3540 Phoebi
580 3476 714 3559 sagittas
723 3479 745 3557 l)
768 3488 839 3540 aute
862 3478 986 3540 dulcem
1258 3479 1297 3541 35

516 3581 580 3642 Sed
601 3578 669 3642 siue
691 3599 740 3641 me
762 3579 871 3642 furere
892 3581 977 3642 huuc
998 3579 1155 3644 surorum.

251 3782 292 3829 ll.
318 3779 413 3842 pico]”
439 3783 467 3826 de
491 3784 627 3838 appetentia
650 3784 737 3830 villosa
761 3785 824 3829 dicta
846 3784 940 3828 vidalur
965 3797 978 3826 a
1002 3782 1179 3828 recentioribus
1204 3785 1300 3828 demum

178 3855 295 3908 medicis,
324 3853 365 3914 qui
384 3849 469 3901 κίττα
487 3857 511 3896 el
528 3849 630 3901 κιττᾶν
648 3854 683 3897 sle
702 3853 871 3909 cxp1·esse1·e.''
889 3852 1012 3898 Gesner-ns
1031 3853 1054 3896 in
1073 3853 1148 3897 Thes.
1187 3849 1228 3898 lo.
1249 3854 1299 3897 Το-

178 3930 227 3968 lum
251 3925 295 3968 hoc
320 3936 416 3968 cariraeu
443 3919 599 3979 (Pollinctum
617 3923 688 3970 Tam.
713 3923 745 3967 ll.
766 3937 790 3978 p.
811 3920 870 3968 223.
891 3923 1006 3968 Coloniae
1026 3918 1117 3978 1660.)
1136 3923 1300 3976 explicandum

180 3997 217 4036 est
233 4007 246 4037 e
260 3994 322 4037 inim
335 3995 358 4037 el
377 3992 516 4049 plerumque
535 3991 640 4046 infelici,
661 4006 707 4050 quo
725 3991 843 4052 flagrabat
860 3995 949 4049 poeta,
969 3992 1048 4037 studio
1068 3990 1156 4036 Oscam
1173 3993 1257 4047 podsin
1276 3993 1300 4036 in

179 4064 253 4105 vitam
270 4062 415 4106 revocandi:
447 4063 490 4106 sed
508 4062 673 4120 Scaliger-tun,
698 4063 738 4119 qui
757 4075 816 4106 uuus
839 4063 862 4107 in
881 4063 961 4118 prisca
984 4061 1111 4106 Latinitate
1129 4063 1193 4106 velut
1211 4063 1300 4106 instau-

180 4131 255 4184 repda
273 4134 296 4174 el
313 4133 443 4177 recreanda
462 4133 588 4187 excelluit,
608 4132 682 4176 Baldo
696 4132 793 4178 rnioime
812 4133 986 4190 aequiparavit.
1023 4133 1075 4176 lloc
1093 4135 1117 4176 et
1134 4133 1180 4176 duo
1200 4144 1299 4189 sequen-

181 4199 214 4242 tia
232 4201 338 4244 carmina
356 4202 379 4245 in
397 4201 496 4246 Deleclu
516 4215 560 4245 suc
588 4201 669 4244 cruisit
685 4201 800 4257 patruclis
824 4216 900 4247 incus.
944 4201 1020 4256 Mihi,
1047 4202 1109 4259 quod
1128 4203 1158 4246 ad
1175 4214 1302 4260 argumen-

182 4271 232 4312 tum
251 4270 335 4314 saltem
353 4272 437 4317 attinet
443 4303 451 4328 ,
470 4269 686 4328 praestantioribus
704 4272 880 4316 adnumeranda
898 4270 1048 4316 videbantur.
