2964 4814
238 211 301 274 188

300 371 391 450 Quae
413 369 483 432 lieri
504 389 611 454 pugna
633 369 735 450 prima
758 381 888 438 cruenta
911 372 1004 438 aolet.

234 472 389 537 Protinus
411 471 589 535 excolimur
611 471 712 536 teneri
734 493 875 556 citraque
897 473 1037 554 parentia

298 575 386 638 Imm
409 577 449 636 ad
469 571 611 658 insignes
637 574 735 640 Urbie
758 577 799 636 ab
821 587 890 638 arte
913 575 1014 639 viros.

234 677 351 740 Frater
373 678 410 738 ad
433 675 596 760 eloquium
620 674 713 738 viridi
736 679 882 740 tendebat
904 679 944 740 ab
967 698 1069 754 aevo,

296 778 408 842 Fortia
431 776 562 842 verbosi
585 789 676 842 natue
698 781 738 840 ad
759 799 843 840 arma
863 778 960 852 Fori.

234 881 281 942 At
304 879 377 941 mihi
399 879 458 941 iam
481 901 583 960 puero
607 879 753 942 caelestia
777 900 868 944 eaora
891 881 1061 962 placebant

296 982 399 1066 Inque
421 1003 511 1044 aarum
532 981 640 1046 furtim
664 983 762 1046 Muea
784 984 933 1046 trahebat
956 1003 1050 1064 opue.

157 1077 164 1090 '
234 1085 336 1166 Saepe
358 1095 449 1164 pater
472 1081 569 1146 dixit:
595 1067 761 1155 „Studium
784 1084 859 1167 quid
881 1084 991 1148 inutile
1013 1085 1140 1148 tentae?

296 1184 484 1249 Maeonides
507 1185 607 1246 uidlae
630 1185 698 1266 ipae
720 1185 850 1270 reliquit
873 1186 986 1266 opee.''

233 1289 348 1352 Motus
371 1309 456 1350 eram
480 1286 591 1348 dietis:
616 1297 751 1370 totoque
774 1287 932 1352 Helieone
954 1287 1087 1363 relieto,

297 1372 445 1452 Scribere
468 1389 609 1452 conabar
631 1390 731 1451 verba
754 1389 857 1453 soluta
881 1390 996 1453 modis.

233 1492 357 1574 Sponte
380 1511 434 1552 sua
458 1511 585 1552 carmen
607 1509 755 1554 numeros
778 1490 926 1553 veniebat
948 1493 988 1552 ad
1009 1503 1103 1572 aptos

295 1595 355 1668 Et,
381 1595 467 1676 quod
490 1595 649 1656 tentabam
673 1591 796 1666 dicere,
821 1613 933 1656 versus
956 1604 1039 1656 erat.

231 1699 357 1760 Interea
379 1695 476 1758 tacito
499 1715 595 1775 passu
617 1695 797 1758 labentibus
819 1694 906 1757 annis

294 1797 450 1862 Liberior
471 1796 565 1860 fratri
586 1808 708 1878 eurnpta
732 1797 870 1880 mihique
894 1810 970 1882 toga
994 1812 1043 1862 eet

231 1899 439 1981 induiturque
463 1897 601 1962 humeris
624 1899 783 1962 comiato
806 1921 950 1982 purpura
973 1901 1068 1964 olavo

187 2009 189 2016 '
293 2003 336 2064 Et
359 2001 495 2063 studium
518 1999 629 2074 nobie,
654 2003 741 2083 qnod
762 2000 823 2062 suit
845 2013 932 2075 ante,
959 2015 1073 2066 manet.

229 2107 361 2186 lamque
385 2106 494 2166 decem
517 2102 599 2164 vitae
621 2102 725 2165 frater
748 2102 967 2186 geminaverat
989 2124 1106 2179 annos,

294 2205 399 2284 Quom
423 2204 527 2285 perit,
553 2215 584 2267 et
606 2203 700 2285 coepi
721 2215 814 2285 parte
837 2225 947 2267 carere
971 2204 1045 2268 mei.

231 2305 404 2390 Coepimus
429 2318 461 2370 et
483 2319 612 2369 tenerae
634 2306 756 2387 primos
779 2305 890 2368 aetatis
912 2308 1073 2380 bonores;

292 2411 386 2493 Eque
409 2408 486 2472 viris
511 2412 669 2492 quondam
692 2429 767 2489 para
789 2408 893 2470 tribus
916 2429 976 2470 una
998 2408 1059 2471 sui.

230 2511 328 2577 Curia
351 2514 516 2586 restabam
540 2511 622 2574 olavi
645 2531 790 2572 mensura
813 2522 923 2573 coacta
946 2523 1013 2573 est:

292 2613 400 2678 Maius
425 2627 492 2678 erat
514 2612 633 2677 nostrie
656 2612 778 2676 viribus
801 2613 878 2674 illud
900 2633 993 2676 onus.

150 2793 155 2802 ι
228 2716 442 2797 Neopatiens
465 2735 582 2796 corpus
605 2736 665 2778 nee
688 2735 773 2776 mena
794 2713 854 2776 fuit
876 2726 949 2794 apta
971 2714 1094 2788 labori,

293 2818 519 2901 sollicitaeque
541 2817 644 2900 fugax
667 2815 848 2879 ambitionis
872 2837 976 2878 eram:

229 2923 274 2984 Et
294 2931 403 3001 petere
427 2919 553 2982 Aoniae
576 2920 750 2982 suadebant
772 2929 838 2980 tuta
863 2937 994 2981 sorores

295 3020 369 3086 Otia
393 3019 512 3084 iudicio
535 3041 660 3101 semper
683 3032 783 3082 amata
806 3040 890 3083 meo.

229 3122 400 3204 'l'entporis
423 3122 506 3185 illius
528 3122 614 3185 colui
635 3123 769 3205 fovique
792 3125 924 3202 poe'tas3

292 3226 444 3310 Quotque
467 3227 599 3288 aderant
622 3237 727 3298 vates,
752 3225 850 3287 rebar
873 3226 981 3286 adesse
1005 3225 1093 3286 deos.

229 3331 330 3408 Saepe
354 3349 425 3390 suas
449 3328 598 3390 volueres
621 3327 698 3410 legit
720 3325 794 3388 mibi
817 3326 971 3410 grandior
994 3347 1092 3404 aevo,

291 3431 444 3514 Quaeque
466 3441 557 3492 necet
578 3450 731 3509 serpens,
757 3449 837 3511 quae
860 3428 948 3490 iuvet
969 3431 1089 3504 herba,
1115 3431 1241 3493 Macer.

228 3535 330 3614 Saepe
353 3553 428 3594 suos
451 3529 562 3594 solitus
584 3530 719 3592 recitare
742 3530 935 3610 Propertius
957 3530 1066 3613 ignes,
1306 3535 1348 3596 115

292 3634 367 3696 lure
390 3632 546 3696 sodalicio
571 3632 624 3714 qui
648 3629 869 3693 minimuum
893 3643 973 3692 erat.
1037 3641 1039 3650 ’

212 3895 216 3904 ,
300 3860 339 3908 ti.
359 3861 463 3906 Lucium
490 3863 546 3906 dicit
573 3862 668 3906 Ciolau.
699 3877 727 3907 ex
750 3864 859 3920 glossis,
880 3869 904 3906 ut
921 3863 1030 3916 videtur,
1051 3864 1163 3921 antiquie.
1221 3863 1261 3910 19.
1282 3865 1350 3910 Per-

228 3931 323 3975 meeaio
342 3932 446 3986 euspicio
475 3931 575 3974 lleineii.
632 3929 674 3975 29.
699 3929 815 3976 humeroe
840 3945 869 3976 er
891 3929 915 3977 3.
935 3933 1011 3976 Codd.
1032 3933 1123 3987 recepit
1141 3932 1241 3988 Nobbe;
1262 3947 1348 3989 perpe-

228 4013 294 4053 ram,
314 4013 385 4056 quum
395 4013 511 4056 purpura
523 3999 655 4044 subiectum
669 4001 841 4054 propositionis
858 4001 902 4054 eit,
923 4015 970 4044 non
979 3996 1067 4058 frater
1085 4015 1107 4044 v.
1128 4015 1148 4045 e.
1187 3999 1229 4046 Sl·
1249 4003 1348 4046 'ibium-

228 4070 265 4111 rir
288 4068 422 4123 Capitalis,
454 4065 502 4124 (vel
528 4069 679 4123 Menelaus.)
703 4083 726 4113 r.
758 4071 866 4114 Maeson.
892 4071 965 4112 vitam
988 4069 1078 4114 Ovidii.
1098 4070 1134 4114 ed.
1154 4071 1235 4114 Fierb.
1259 4084 1282 4125 p.
1304 4069 1347 4116 ⁴2.

230 4130 271 4183 ll.
292 4135 414 4180 Aemiliae
432 4135 520 4182 lilurer
539 4139 697 4188 Veronensis,
725 4138 924 4195 Ornithogouiaun
944 4143 967 4183 et
985 4138 1103 4182 'l'heriuen
1125 4139 1238 4192 arripnit,
1260 4139 1348 4184 Nireu-

229 4208 299 4251 druin
318 4205 438 4261 imitatus;
458 4206 519 4249 obiit
536 4221 559 4249 a.
577 4220 600 4250 u.
622 4204 680 4252 737.
737 4204 777 4254 36.
796 4205 920 4251 eodalieio
939 4220 968 4251 ex
987 4206 1064 4254 (lodd.
1082 4207 1141 4254 Edd.
1162 4207 1246 4252 Burin.
1260 4209 1348 4265 reliqui

229 4273 356 4319 eodulirii.
396 4271 437 4318 lt.
468 4273 586 4318 Ponticus
605 4275 681 4328 idem,
715 4276 743 4318 ad
767 4289 837 4332 quem
855 4275 997 4330 Propertiue
1016 4276 1082 4319 misit
1102 4275 1125 4320 l.
1145 4275 1214 4334 eng.
1235 4274 1259 4324 i.
1279 4283 1304 4322 et
1323 4275 1347 4328 9.
