2948 4820
148 497 179 562 Ο
203 499 381 560 venerande
403 497 496 562 bonis
518 500 617 563 dulcis
641 501 776 564 corrsiva
801 501 967 580 Camenis,

215 597 433 679 Callimacho,
458 600 489 664 in
512 622 613 686 regno
636 623 718 666 nune
741 624 870 689 quoque
893 605 978 670 Ditis
1002 625 1071 674 ave.

682 789 736 852 68.
801 832 805 836 -

154 903 278 984 Accipe
302 904 466 968 Battiadae
489 905 638 988 sapientia
661 907 782 972 somnia
805 909 904 986 vatis,

213 1007 288 1068 Non
312 1007 509 1083 eburneos,
535 1030 645 1070 verrem
669 1031 785 1073 cornea
809 1024 901 1092 porta
926 1011 1030 1091 dedit,
1052 1025 1054 1032 ⁴

150 1107 279 1190 Quippe
302 1107 412 1191 ignota
434 1111 521 1190 prius
544 1111 634 1174 seclis
659 1111 845 1174 mortalibus
870 1116 986 1192 edunt,

222 1211 296 1272 Sive
320 1213 410 1272 dedus
433 1213 578 1275 sobolem
600 1233 656 1276 seu
679 1212 763 1275 canit
785 1215 836 1276 ille
860 1217 950 1280 deos.
1076 1200 1078 1203 V

146 1312 295 1392 Namque
317 1312 415 1394 ipsam
439 1333 457 1374 e
478 1316 582 1392 Libya
605 1327 736 1395 portans
764 1317 931 1380 Heliconis
954 1321 993 1382 ad
1016 1307 1104 1384 arces

212 1412 376 1475 Pieridum
399 1413 489 1476 iussit
513 1425 597 1478 stare
619 1419 678 1478 sub
702 1438 758 1480 ora
782 1439 895 1498 sopor.

146 1516 227 1580 Illae
251 1537 409 1596 responso
430 1516 517 1578 sacili
540 1520 678 1580 docuero
701 1532 867 1602 rogantem

214 1618 340 1684 Semina
363 1618 463 1701 priirn
486 1620 577 1682 debm
599 1619 835 1705 semidcquue
857 1643 971 1706 genus.

677 1805 731 1868 dt.

147 1924 314 1990 Laudibus
336 1925 485 2008 egregias
508 1923 682 2006 Colophon
706 1927 920 2006 supereminet
942 1932 1055 2006 nrbes,

210 2032 301 2110 Quae
323 2029 449 2110 peperit
470 2017 561 2093 natos
585 2029 708 2090 nourina
733 2051 842 2117 rrragne
868 2034 967 2106 d110s3

145 2132 256 2197 Patria
280 2132 474 2196 Nicandrum
499 2131 600 2194 veteri
622 2129 755 2195 sociavit
779 2131 946 2208 Homero,

209 2236 259 2298 Ne
281 2245 364 2298 nova
387 2233 549 2299 Pieridum
572 2233 640 2295 laus
662 2232 786 2296 aliunde
807 2231 909 2298 foret.

672 2419 726 2482 65.

147 2539 239 2604 Italia
261 2539 358 2624 longe
380 2539 469 2604 iaceo
491 2537 656 2624 patrisque
679 2541 822 2616 Tarento
832 2584 849 2618 s.

209 2645 254 2706 Et
275 2643 375 2727 magis
398 2645 477 2704 haec
498 2663 550 2704 res
572 2653 620 2704 est
642 2662 753 2723 aspera
777 2655 879 2706 morte
902 2643 988 2708 milri.

145 2726 251 2809 lnvita
274 2766 373 2829 usque
396 2747 476 2807 adeo
498 2744 563 2806 vita
587 2754 635 2806 est
656 2743 849 2827 peregrina:
873 2749 929 2808 sed
951 2748 1026 2828 ipsis

209 2848 241 2911 A
264 2847 371 2910 Musis
394 2845 508 2908 melior
530 2867 612 2908 nrtnc
635 2845 711 2908 mihi
734 2845 797 2908 vita
821 2849 890 2909 data
914 2861 975 2910 est.

1248 1323 1268 1386 5

84 2983 91 3002 ι
145 2949 273 3037 Quippe
295 2970 353 3030 per
376 2948 534 3012 Aonidum
559 2969 648 3010 sacra
672 2970 799 3010 mrrncra
821 2960 945 3031 tempus
968 2953 998 3014 in
1022 2973 1113 3017 otune
1240 2955 1259 3036 5

209 3051 424 3116 Concelebrat
446 3071 561 3116 nornen
583 3049 667 3113 sarna
689 3051 902 3116 Leonideum.

672 3235 726 3298 66.

143 3356 268 3440 Accipe
291 3359 456 3420 deductrnn
479 3355 629 3438 sapientis
652 3375 777 3418 carmen
802 3355 912 3435 Arati,
997 3359 999 3364 ’

212 3456 326 3538 Omnia
349 3457 402 3542 qui
424 3458 516 3521 nobis
538 3457 641 3520 sidera
664 3477 758 3519 nosse
781 3457 879 3520 dedit.

144 3559 210 3624 Seu
232 3581 314 3642 vaga
335 3570 409 3623 sunt
431 3581 487 3622 seu
509 3561 594 3636 fixa,
618 3559 732 3642 quibus
754 3558 901 3640 pulsatur
924 3560 1056 3646 Olympi

206 3661 327 3747 Regia,
350 3673 413 3724 tam
437 3659 540 3724 multis
563 3661 697 3726 orbibus
717 3659 882 3743 implicita.

142 3763 232 3828 Laus
255 3764 362 3845 operis
384 3763 425 3826 sit
447 3784 575 3848 magna.
619 3763 692 3826 Iovi
714 3784 784 3825 nam
806 3765 973 3845 proximus
994 3765 1047 3831 ille
1069 3777 1136 3848 est,
1237 3770 1256 3834 5

207 3861 306 3930 Cuius
330 3868 369 3929 ab
390 3865 519 3950 ingenio
541 3863 656 3929 clarius
679 3876 766 3944 astra¹
786 3866 915 3931 micant.

315 4093 393 4153 Sede,
412 4093 498 4152 quibus
516 4094 576 4139 caeli
593 4106 619 4139 se
637 4095 702 4138 rotat
714 4079 772 4150 'apte
790 4095 884 4139 domus.

286 4163 371 4216 Salve,
391 4164 480 4208 Arate:
500 4176 515 4206 o
533 4168 600 4208 vates
618 4162 737 4211 mirande!
756 4177 771 4207 o
790 4163 896 4220 luppiter
914 4166 975 4210 alter

315 4231 400 4278 Sidera
419 4245 489 4292 quem
506 4237 605 4290 propter
621 4231 751 4294 fulgidiora
768 4233 872 4278 micant!
