2964 4814
202 179 267 244 136

170 321 175 338 ⁸
203 337 328 403 Cuncta
350 335 465 398 dabant
486 329 624 406 reditus;
648 339 751 390 tamen
775 336 823 390 est
844 324 996 391 deterrita
1019 343 1203 410 nunquam,

266 437 354 516 Quin
375 432 616 498 fleretnostras
638 427 876 512 respiceretque
899 427 980 490 vias.

203 541 279 622 lpse
302 558 366 622 ego
389 535 533 610 solator,
558 553 656 616 quom
678 529 739 594 iam
763 531 906 592 mandata
929 526 1106 603 dedissem,
1287 528 1333 590 15

266 639 465 720 Quaerebam
487 636 595 698 tardas
617 631 727 696 anxius
750 652 851 715 usque
873 649 992 694 moras.
1187 632 1190 636 ’

203 744 272 808 Aut
293 761 357 824 ego
379 759 447 802 sum
470 745 615 799 causatus
638 754 713 796 aves
737 741 789 796 aut
812 731 917 796 omina
938 731 1026 806 dira,

237 839 239 844 ’
266 839 394 906 Saturni
415 849 469 901 aut
490 857 612 899 sacram
636 854 685 897 me
707 833 843 896 tenuisse
866 833 962 896 diem.
1052 857 1054 870 ·

205 946 236 1010 0
259 941 409 1027 quotiens
429 940 594 1024 ingressus
615 937 677 1000 iter
700 934 774 998 mibi
795 935 897 998 tristia
922 935 988 999 dixi

268 1044 434 1108 Offensum
456 1041 488 1104 in
509 1053 604 1124 porta
627 1040 716 1124 signa
739 1039 862 1101 dedisse
885 1040 1022 1118 pedem!

206 1147 335 1212 Audeat
356 1143 458 1208 invito
480 1164 518 1206 ne
540 1143 611 1226 quis
632 1143 796 1205 discedere
819 1141 965 1216 Amore,

268 1251 337 1314 Aut
358 1247 438 1312 sciat
460 1266 624 1330 egressum
647 1265 682 1307 se
703 1243 895 1325 prohibente
917 1244 992 1306 deo.
1193 1325 1196 1330 Ι

207 1352 292 1435 Quid
313 1363 365 1414 tua
388 1369 470 1424 nnnc
492 1345 555 1410 Isis
577 1344 671 1421 mibi,
695 1344 804 1420 Delia,
827 1343 905 1427 quid
927 1341 1002 1412 mibi
1022 1355 1158 1424 prosunt

271 1453 331 1517 Illa
353 1463 405 1514 tua
427 1450 544 1514 totiens
567 1469 639 1510 aera
663 1447 790 1527 repulsa
814 1467 925 1521 manu,
1079 1455 1081 1460 '

210 1554 360 1636 Quidve,
382 1551 529 1634 pie.dum
552 1569 643 1612 sacra
665 1548 764 1623 colis,
788 1568 932 1631 pureque
953 1544 1055 1628 lavari

271 1657 321 1718 'l'e
344 1651 497 1733 (memini)
519 1661 550 1713 et
571 1670 655 1732 puro
678 1648 862 1712 recubuisse
883 1647 986 1714 toro?
1072 1651 1075 1656 ’

207 1757 320 1830 Nunc,
345 1757 419 1828 dea,
444 1757 532 1814 nunc'
547 1771 699 1814 succurre
721 1749 816 1828 mibi,
841 1779 880 1794 -
904 1771 975 1814 nam
996 1769 1093 1832 posse
1115 1748 1236 1812 mederi

270 1856 364 1921 Picta
386 1857 480 1918 docet
502 1851 627 1934 templis
650 1853 744 1914 multa
767 1852 884 1916 tabella
906 1851 969 1915 tuis
989 1845 1050 1900 -”

208 1959 253 2023 ln
275 1978 342 2020 mea
366 1955 490 2019 votivas
512 1954 701 2036 persolvens
723 1953 818 2018 Delia
841 1974 938 2018 voces

272 2059 359 2122 Ante
381 2076 488 2120 sacras
511 2055 576 2118 lino
598 2064 681 2116 tecta
704 2055 793 2118 fores
816 2057 924 2118 sedeat

208 2158 328 2242 Bisque
350 2158 400 2221 die
422 2158 564 2230 resoluta
586 2177 694 2232 comas
716 2156 773 2220 tibi
794 2156 902 2220 dicere
924 2159 1033 2222 laudes

273 2258 412 2342 Insignis
436 2260 530 2320 turba
553 2260 667 2320 debeat
689 2258 720 2320 in
743 2258 875 2322 Pharia.

211 2361 257 2424 At
280 2359 354 2422 mihi
376 2358 540 2442 contingat
561 2359 685 2440 patrios
705 2360 869 2423 celebrare
892 2363 1030 2426 Penates

272 2461 484 2542 Reddereque
507 2460 637 2542 antiquo
655 2473 819 2534 menstrua
842 2473 914 2526 tura
937 2462 1030 2524 Lari.

210 2561 314 2643 Quam
338 2564 418 2630 bene
440 2563 581 2624 Saturno
605 2561 757 2624 vivebant
778 2584 876 2646 rege,
899 2563 991 2644 prius
1014 2583 1107 2644 quam
1185 2623 1189 2630 ,
1286 2563 1334 2626 35

277 2663 386 2726 Tellus
408 2661 439 2724 in
461 2663 576 2745 longas
599 2672 647 2724 cst
669 2664 827 2744 patefacta
851 2664 934 2727 viss!

211 2763 363 2828 Nondum
386 2764 545 2828 caeruleas
567 2763 660 2845 pinus
681 2775 918 2846 contempserat
940 2761 1059 2840 undas,
1099 2757 1104 2764 ⁵

275 2865 422 2927 Effusum
445 2865 548 2927 ventis
568 2867 821 2948 praebueratque
845 2865 965 2942 sinum,

211 2965 282 3028 Nee
304 2985 409 3047 vagus
428 2964 549 3049 ignotis
571 2979 718 3048 repetens
740 2967 927 3048 compendia
947 2968 1044 3031 terris

275 3067 599 3132 Presseratexterna
622 3067 728 3130 navita
754 3089 858 3130 meree
880 3057 991 3132 ratem.

213 3165 276 3229 Illo
299 3187 362 3228 non
386 3167 506 3244 validus
529 3167 627 3232 subiit
648 3168 732 3251 iuga.
747 3179 892 3250 tempore
915 3182 1045 3249 taurus,

275 3268 353 3332 Nou
373 3267 493 3333 domito
516 3269 625 3333 frenos
648 3289 705 3332 ore
729 3271 902 3332 momordit
925 3291 1041 3355 equus,

265 3450 307 3497 tt.
328 3453 429 3497 strinis
445 3452 535 3498 Muret.
552 3456 583 3497 V.
617 3453 654 3498 lb.
672 3453 758 3498 arania
776 3452 835 3496 cad.
856 3454 914 3509 aliq.
934 3451 995 3496 Edd.
1016 3457 1074 3496 vett.
1096 3452 1227 3505 „notabilis
1242 3455 1332 3507 lectio,

212 3525 278 3568 certe
296 3521 395 3576 Latina,
415 3521 519 3580 fortasse
537 3524 620 3566 vera.”
656 3519 759 3566 Huschk.
781 3521 850 3566 Anal.
871 3535 896 3575 p.
919 3517 978 3568 699.
1016 3521 1149 3576 Quaminus
1171 3526 1249 3566 tauma
1271 3535 1331 3566 vers

212 3591 258 3645 sit,
278 3591 377 3644 impedit
398 3602 498 3645 sequeus
517 3595 616 3634 assueta.
673 3587 714 3634 13.
736 3589 832 3634 Tamen
850 3580 919 3634 hand
928 3585 1161 3646 deterritasruslra
1174 3595 1226 3644 est,
1246 3603 1349 3648 quom.=

212 3659 285 3702 Pauci
303 3658 369 3702 libri.
401 3658 448 3701 V.-
485 3655 524 3706 ts.
544 3656 680 3702 Saturnine
697 3671 799 3703 sacram
818 3659 896 3701 Aaou.
917 3658 980 3701 coni.
1000 3659 1032 3703 V.
1061 3657 1098 3702 lb.
1118 3658 1233 3702 timuisse
1251 3657 1328 3703 Codd.

213 3727 275 3770 Stat.
295 3728 326 3771 V.
394 3723 437 3768 at.
453 3738 524 3768 neruo
543 3728 574 3770 V.
594 3727 657 3770 coni.
713 3723 754 3771 99.
775 3732 860 3770 noctes
877 3727 941 3773 Sesl.
962 3727 1025 3769 coni.
1046 3725 1122 3770 Codd.
1141 3723 1165 3770 3.
1185 3738 1332 3782 -poenas

212 3793 258 3845 Ed.
285 3791 362 3840 1179.
389 3795 462 3848 Vntp.
486 3795 641 3838 seductione
670 3807 740 3838 ooces
772 3795 789 3842 l.
813 3809 837 3852 q.
868 3799 1086 3838 antecantamenta
1110 3801 1219 3839 votorum
1241 3794 1328 3849 Appnl.

213 3861 275 3906 Met.
300 3861 346 3917 11,
374 3876 398 3918 p.
423 3860 481 3910 172,
547 3859 589 3906 32.
616 3864 632 3905 i.
654 3877 676 3908 e.
696 3853 766 3907 Isidis
785 3864 924 3906 sacerdotes
942 3863 1063 3920 Aegyptii.
1119 3860 1159 3908 tt.
1181 3861 1331 3906 conscende-

214 3933 256 3974 rat
282 3929 343 3973 Cod.
379 3928 401 3976 1.
427 3955 459 3966 -
489 3936 658 3986 conspexerat
682 3931 742 3975 Cod.
774 3930 974 3975 l.1.achmaunt.
1040 3927 1278 3988 suprastructa
1297 3933 1329 3975 V.

216 3992 258 4040 dfi.
289 3997 401 4040 straturis
425 4000 462 4042 ret
485 3999 619 4055 pressuris
636 3999 726 4043 'Bentt
783 3996 825 4043 17.
844 3995 901 4044 Non
918 3997 988 4044 aries
999 3993 1100 4055 ser'rs‘se
1119 3994 1202 4043 Heius.
1225 4021 1253 4032 -
1273 3995 1333 4043 Non

213 4061 298 4108 rabies
314 4064 399 4108 Burm.
421 4089 451 4100 —
470 4063 526 4110 Non
543 4066 624 4110 animi
641 4067 748 4112 broukh.
800 4063 842 4112 19.
862 4072 886 4112 et
909 4064 1027 4124 onlnem]-
1047 4067 1086 4111 sic
1104 4067 1280 4114 catxstneers.
1295 4067 1326 4110 1..

216 4155 247 4164 -
266 4145 332 4176 nunc
351 4144 374 4176 c.
394 4132 463 4186 itali,
483 4135 581 4192 Vulgo.
619 4133 749 4180 Pristina'm
772 4149 839 4180 suasu
857 4137 920 4181 coni.
941 4154 975 4171 -
993 4147 1060 4180 aune
1078 4135 1196 4189 onlnem.
1216 4140 1333 4192 apertum
1373 4191 1375 4196 Ι

214 4197 287 4245 Nunc
304 4213 374 4246 ruore
393 4205 456 4246 recte
477 4215 537 4246 nunc
553 4216 581 4247 ue
601 4205 742 4248 memoravit
758 4205 852 4260 quidem
870 4204 898 4248 1..
956 4200 996 4249 50.
1016 4204 1065 4248 leto
1083 4205 1162 4248 multa
1174 4209 1274 4261 reperta
1289 4204 1333 4249 os'a
