2952 4826
176 218 195 278 lt

177 368 308 443 Vossii‚
331 363 461 448 Vulpii,
485 358 676 444 Doeringii,
700 357 785 422 Astii
800 354 1037 422 commentariis
1050 365 1082 420 et
1096 353 1289 422 lectionibus

179 466 443 538 Mitscherlichii.
488 467 606 530 Parum
638 472 690 524 aut
719 459 799 524 nihil
827 457 978 542 praesidii
1008 455 1286 520 subministrabat:

179 577 284 642 Libro
312 573 349 634 di
376 574 415 636 G.
441 566 580 635 Valerio
599 567 733 628 Catullo
758 563 913 626 tradotto
936 561 984 623 in.
998 560 1088 624 versi
1112 561 1250 623 italiani
1268 583 1292 624 a

179 681 357 743 rincontro
379 672 434 734 del
451 680 539 732 testo
560 666 669 730 latino
695 668 741 730 cla
762 665 868 748 Luigi
888 665 1077 747 Subleyras
1098 663 1174 726 nell’
1199 685 1292 728 urano

180 777 419 846 MDCCLXX.
436 771 590 838 Secondo
597 769 765 834 edizione.
782 772 903 842 Roma,
911 767 952 829 de
960 765 1123 830 Romanis
1133 767 1227 828 1812.
1238 768 1290 830 12.

182 884 270 948 cuius
302 876 472 942 lectionem
503 897 520 937 e
550 871 785 937 Corradiniana
818 893 854 933 ac
884 867 1045 950 Vulpiana
1078 868 1160 932 miro
1194 873 1291 933 modo

184 986 313 1048 mixtam
329 976 536 1061 deprehendi.
574 976 653 1041 Plus
668 996 742 1037 sane
757 977 859 1036 debeo
875 992 998 1054 nupero
1014 969 1132 1034 editori
1148 973 1294 1036 Franco-

184 1086 321 1170 gallico:
357 1086 424 1144 Les
447 1091 550 1142 noces
570 1078 611 1140 de
635 1077 755 1140 Tlte'tis
776 1088 810 1138 et
831 1077 872 1136 cle
889 1077 1006 1147 Pe'le'e,
1026 1081 1146 1154 poe'me
1167 1075 1207 1135 de
1230 1078 1295 1139 Go-

183 1193 264 1253 tulle
293 1182 425 1248 maduit
457 1203 526 1264 par
554 1183 609 1244 M.
626 1184 665 1244 P.
686 1183 727 1242 L.
741 1179 933 1261 Gioguene'.
977 1175 1096 1250 Poris,
1113 1178 1294 1240 Miclraud.

186 1291 279 1355 1812.
305 1289 356 1350 12.
380 1305 568 1371 quamquam
591 1282 646 1346 ille
668 1303 769 1366 neque
793 1279 923 1344 codices
945 1277 1093 1340 Lutetiae
1115 1291 1296 1343 asservatos

186 1414 287 1479 neque
309 1388 481 1454 editionem
501 1383 698 1467 principem,
724 1405 786 1468 qua
808 1404 867 1464 par
889 1392 975 1455 erat,
999 1379 1162 1463 diligentia
1185 1393 1297 1444 contu-

146 1533 150 1540 ·
186 1495 241 1570 lit,
279 1490 432 1556 maiorem
461 1488 573 1563 etiam,
616 1509 709 1572 quam
732 1487 929 1559 merebatur,
962 1482 1141 1546 Alexandri
1164 1483 1297 1546 Gerarini

186 1592 366 1673 recensioni
395 1588 615 1654 auctoritatem
644 1588 801 1651 tribuens.
826 1621 881 1650 .-
918 1585 1041 1646 Versus
1069 1584 1193 1669 aliquot
1214 1586 1297 1648 nulla

186 1702 246 1765 iam
276 1708 344 1760 arte
374 1693 440 1756 sine
469 1689 655 1753 melioribus
683 1688 777 1752 libris
798 1689 956 1750 sanandos
977 1686 1131 1750 asterisco
1153 1690 1299 1769 praefixo

188 1799 279 1876 dedi,
309 1806 344 1858 ut
366 1795 515 1878 leguntur
543 1790 575 1853 in
599 1789 779 1854 Codicibus
800 1812 883 1852 nuuc
905 1787 1009 1863 notis;
1037 1800 1176 1871 praestat
1198 1789 1300 1864 enim,

189 1900 324 1982 opinor,
348 1899 409 1958 hae
429 1894 462 1956 in
481 1915 517 1956 re
533 1892 671 1956 artifices
686 1891 822 1968 imitari,
845 1889 901 1976 qui
915 1891 1118 1976 antiquorum
1134 1893 1302 1956 simulacra

190 2016 302 2066 trunca
338 1997 545 2081 picturasque
581 1994 731 2059 evanidas
771 1993 897 2058 omissis
929 1994 1144 2058 recentiorum
1174 1997 1303 2080 supple·

192 2101 303 2168 mentis
324 2109 581 2182 repraesentare,
603 2120 698 2184 quam
720 2095 848 2161 mentita
864 2094 1048 2180 integritate
1062 2098 1175 2161 fallere
1191 2099 1304 2163 oculos

193 2206 322 2270 malunt.

257 2309 296 2370 ln
318 2303 496 2369 eiusdem
516 2306 666 2386 po'e'tae
688 2301 804 2388 Elegia
827 2306 866 2366 de
881 2323 973 2367 coma
989 2303 1161 2366 Berenices
1176 2316 1305 2386 praeter

85 2468 89 2475 .
194 2407 333 2476 subsidia
362 2406 423 2470 iam
451 2419 627 2472 memorata
657 2429 695 2470 ac
716 2403 965 2469 Valckenarium
992 2405 1212 2485 (Callimachi
1227 2411 1306 2472 Ele·

197 2514 337 2599 giorum
348 2507 644 2598 fragmentorum
661 2508 774 2592 elegia
787 2507 914 2572 Catulli
926 2507 1152 2573 Gallimoehen
1166 2512 1307 2572 collecta

195 2629 296 2701 atque
314 2613 490 2677 illustrata
507 2635 530 2676 α
549 2618 590 2676 L.
612 2617 651 2678 0.
671 2613 896 2678 Valckeuner.
917 2611 1028 2694 Lugd.
1041 2615 1125 2675 Bac.
1139 2613 1236 2677 1799.
1260 2614 1307 2694 8.)

94 2761 99 2768 =
196 2739 312 2803 magno
336 2713 413 2777 mihi
435 2714 648 2780 emolumento
671 2713 733 2776 fuit
754 2712 906 2797 Hugonis
928 2715 955 2776 F
959 2713 1064 2778 oscoli
1097 2714 1204 2796 [amici
1227 2715 1307 2792 mei,

197 2816 379 2886 Mediolani
400 2839 496 2902 quum
520 2821 686 2901 degerem,
719 2818 824 2899 probe
847 2814 924 2878 mihi
947 2816 1087 2900 cogniti,
1118 2829 1230 2900 postea
1253 2839 1308 2901 ge·

197 2918 394 2988 nerosissimi
408 2918 540 2996 exsulis,
563 2918 721 2984 Londinii
738 2939 840 3000 nuper
857 2917 990 2998 mortui]
1012 2917 1306 3001 liberinscriptus:

197 3032 250 3092 La
270 3021 470 3094 Ghiomadi
495 3022 674 3098 Berenice,
707 3041 834 3104 poema
855 3020 891 3084 di
915 3022 1117 3098 Callimaco,
1155 3025 1310 3088 tradotto

200 3130 245 3191 do
271 3124 411 3192 Valerio
433 3127 584 3202 Catullo,
623 3124 863 3209 volgarizzato
892 3126 935 3187 ed
960 3125 1135 3190 illustrato
1164 3122 1210 3188 do
1234 3129 1311 3210 Ugo

200 3231 351 3296 Foscolo.
395 3227 533 3291 Milano
566 3229 624 3290 dal
651 3227 761 3292 Genio
787 3227 1000 3310 tipogrufieo
1024 3229 1117 3290 1803.
1152 3229 1183 3291 8.
1228 3231 1310 3292 Nam

200 3329 346 3419 quamvis
379 3327 474 3392 animi
503 3351 596 3393 causa
623 3329 761 3412 optimus
788 3332 887 3411 poe'ta
910 3351 978 3392 eam
1000 3329 1151 3406 ediderit,
1188 3341 1222 3392 ut
1244 3354 1312 3393 um-

199 3433 344 3499 braticos
373 3435 525 3496 doctores
556 3431 752 3496 describeret
781 3454 819 3494 ac
847 3432 927 3496 salse
950 3431 1127 3510 derideret,
1159 3434 1243 3496 haud
1264 3433 1313 3498 in·

202 3537 374 3621 diligenter
385 3546 489 3597 tamen
503 3534 645 3598 enotavit
659 3533 844 3597 varietatem
860 3533 1007 3599 codicum
1024 3535 1313 3601 Ambrosianorum

202 3649 355 3725 quattuor
376 3639 420 3700 Y.
443 3638 519 3716 (M.
536 3638 605 3717 38.)
628 3639 672 3700 Α.
696 3639 752 3716 (8.
770 3637 839 3717 et.)
861 3639 902 3700 Β.
926 3640 994 3717 (Η.
1009 3639 1078 3718 l26.)
1101 3639 1142 3703 C.
1166 3642 1315 3720 (Ml.)

131 3820 132 3826 ἵ
203 3739 343 3830 omnium
366 3737 494 3823 quidem
517 3739 734 3802 recentiorum
756 3738 854 3802 seculi
875 3738 979 3824 quinti
1002 3739 1132 3818 decimi,
1166 3754 1214 3819 et,
1248 3763 1313 3826 quo

203 3842 348 3926 pollebat
377 3841 507 3922 pulchri
534 3839 694 3926 exquisito
723 3863 834 3917 sensu,
863 3833 989 3905 ¹rectius
1017 3846 1055 3906 de
1079 3866 1155 3908 vera
1176 3842 1315 3907 lectione

203 3963 298 4024 saepe
319 3942 444 4020 statuit,
475 3966 568 4030 quam
588 3945 658 4028 ipse
679 3943 930 4020 Valckenarius,
961 3946 1016 4031 qui
1036 3948 1101 4011 hoc
1122 3946 1154 4008 in
1177 3944 1315 4010 carmine

203 4048 327 4110 edendo
350 4066 414 4110 non
437 4047 556 4126 miuus,
592 4047 652 4111 etsi
681 4047 744 4112 alio
774 4051 890 4125 modo,
926 4048 1036 4112 lusisse
1052 4050 1230 4129 ‚censendus
1252 4060 1316 4125 est,

204 4159 240 4211 ut
268 4146 391 4212 scilieet
418 4147 549 4233 ingenio
581 4150 763 4236 indulgeret
798 4173 970 4236 omnesque
1003 4147 1168 4236 doctrinae
1206 4151 1318 4235 copias

206 4248 346 4336 prodige
372 4253 559 4318 effunderet.
