2964 4814
192 342 359 408 Femineas
381 338 484 402 timuit
505 337 616 402 territa
640 339 750 400 Marte
773 337 889 400 minaei

126 443 344 508 *Hannibalis
367 441 468 523 spolia
492 452 523 503 et
545 439 622 502 victi
645 450 847 503 monumenta
870 439 1027 521 Syphacis

191 549 235 610 Et
257 543 378 624 Pyrrhi
399 546 437 605 ad
459 553 589 605 nostros
613 540 718 623 gloria
741 541 844 603 fracta
865 542 988 622 pedes:

126 648 258 714 Curtius
280 643 415 727 expletis
436 643 545 707 statuit
567 652 767 706 monumenta
790 640 934 714 lacunis;

190 754 235 812 At
257 747 380 824 Decius¹
396 745 493 808 misso
515 743 640 825 proelia
663 743 750 823 rupit
773 763 872 825 equo.

128 850 265 916 Coclitis
288 847 447 910 abscissos
469 857 605 908 testatur
626 843 735 906 semita
758 856 894 924 pontes3

191 953 274 1024 Est,
300 950 351 1012 cui
372 968 552 1032 cognomen
575 967 694 1008 corvus
716 946 835 1008 habene
858 943 955 1007 dedit.

129 1053 220 1115 Haec
243 1051 273 1112 di
297 1049 524 1122 condiderunt,
549 1050 628 1108 haec
650 1045 683 1109 di
706 1067 835 1130 quoqne
857 1045 982 1110 moenia
1005 1059 1155 1120 servaut;
1208 1049 1248 1109 65

191 1135 260 1214 Vix
283 1151 407 1224 timeat,
430 1150 521 1212 salvo
544 1147 702 1222 Caesare,
728 1149 834 1210 Roma
856 1148 983 1210 lovem.

129 1255 226 1318 Nunc
248 1252 302 1314 ubi
326 1249 491 1332 Scipiadae
513 1248 653 1312 classes?
675 1247 730 1310 ubi
752 1247 842 1331 signa
866 1245 1019 1312 Camilli?

195 1354 265 1416 Aut
287 1353 383 1415 modo
403 1349 560 1434 vPompeia
583 1352 734 1431 Bospore
758 1361 849 1432 capta
873 1347 989 1414 inanu?

129 1454 311 1518 Leucadius
334 1473 444 1516 versas
467 1451 549 1514 acies
573 1451 761 1515 memorabit
783 1451 921 1532 Apollo.

195 1558 332 1618 Tantum
356 1553 463 1635 operis
484 1553 560 1615 belli
582 1551 711 1615 sustulit
734 1573 796 1615 una
819 1551 900 1616 dies.
983 1607 991 1622 ,
1036 1587 1039 1594 v

129 1659 177 1720 Ar
200 1666 253 1731 tu,
278 1655 345 1718 sive
367 1665 457 1736 petes
479 1666 593 1735 portus
615 1667 695 1728 seu,
720 1652 843 1729 navita,
868 1654 1007 1736 linques,

196 1755 345 1820 Caesaris
367 1756 398 1820 iu
421 1767 491 1820 toto
505 1753 558 1817 sis
581 1774 701 1818 mernor
724 1753 832 1818 Ionio.

301 1997 377 2058 Lis.
400 1995 464 2060 111.
507 1993 685 2058 ELEGIA
708 1994 828 2057 XVII.
855 1993 939 2072 (lv.
963 1995 1080 2069 XVI.)

132 2163 244 2238 Nunc,
270 2183 290 2224 ο
313 2163 460 2236 Bacche,
485 2161 546 2223 tuis
569 2159 703 2223 humiles
726 2159 927 2223 advolvimur
950 2159 1033 2224 aris:

193 2263 247 2328 Da
270 2260 345 2326 mihi
365 2273 480 2343 pacato
505 2262 571 2324 vela
596 2253 880 2340 secunda,'pater.

132 2443 191 2496 tibi,
218 2441 310 2496 Roma,
338 2443 442 2485 timenda
461 2442 510 2494 fui,
543 2456 586 2486 uec
604 2441 722 2485 Antonius
743 2442 873 2485 vinolentia
896 2441 1027 2484 delirans.''
1052 2441 1133 2485 lucob.
1179 2443 1252 2487 Prius

133 2512 188 2555 scil.
207 2515 337 2564 corrupte:
356 2508 413 2554 Nou
431 2507 502 2563 haec,
522 2509 613 2563 Romu,
626 2507 684 2567 suit
701 2515 769 2552 tanto
786 2509 832 2553 tibi
852 2509 905 2554 ciue
928 2507 1052 2563 serendo,
1067 2509 1145 2555 Dixit
1163 2516 1187 2554 et
1204 2525 1252 2556 oe-

132 2577 224 2632 siduo,
250 2579 310 2622 unde
328 2580 356 2622 de
384 2579 544 2626 audaciilan.
564 2579 655 2624 lleinsii
676 2579 739 2622 coni.
760 2583 843 2632 postea
866 2578 939 2635 vulgo
957 2579 1083 2622 iecerunt:
1102 2577 1160 2623 Nou
1177 2569 1250 2633 licie,

132 2646 230 2705 Romu,
241 2644 298 2704 fuit
315 2673 331 2682 -
348 2671 364 2682 -
381 2643 432 2690 Nee
451 2644 524 2689 ducis
543 2645 647 2692 assiduo
664 2652 712 2691 cet.
767 2643 809 2691 5⁷.
830 2648 874 2690 reti·
892 2649 924 2690 al.
979 2643 1022 2690 59.
1043 2639 1159 2691 llaec'ita
1178 2661 1254 2702 nuper

133 2716 229 2774 quidam
248 2715 388 2768 explicarit:
411 2714 494 2772 spolia
515 2713 625 2759 Hunuib.
646 2721 670 2758 et
687 2713 813 2773 Syphacis
831 2715 892 2760 uicti
908 2718 931 2757 et
948 2712 1045 2772 Pyrrhi
1061 2715 1147 2774 glorio
1158 2712 1251 2773 fructu

131 2783 169 2828 aad
189 2787 290 2827 nostros
303 2781 387 2839 pedes*
403 2788 463 2826 suut
486 2789 654 2828 monumento.
692 2785 739 2827 Sed
759 2783 803 2828 hae
821 2785 872 2838 ipsu
891 2783 1088 2836 interpretatione
1112 2784 1254 2830 evincitur.

133 2865 205 2908 qnam
228 2851 308 2904 inepta
327 2853 359 2894 sit
384 2852 479 2909 vulgata
509 2859 604 2906 praeter
623 2852 817 2896 molestissimam
838 2851 1006 2906 repetitionem
1031 2863 1053 2896 r.
1074 2858 1251 2904 rnonumsntn;

133 2921 195 2964 unde
215 2919 311 2977 egregie
336 2920 430 2976 quidem
457 2922 486 2964 ad
508 2921 667 2974 sententiam,
693 2922 734 2964 sed
755 2925 832 2964 tannen
859 2921 937 2963 miuus
966 2919 1125 2974 probabiliter
1152 2921 1252 2965 Lacum.

133 2989 267 3042 suspicatus
284 2991 339 3032 est:
368 2993 427 3031 sunt
441 2993 529 3045 parte.
548 2990 681 3032 Fortasse:
715 3002 763 3032 non
784 2993 861 3040 asota,
882 2989 1091 3046 ‘interrogationis
1110 2990 1180 3046 signo
1200 2994 1254 3044 post

128 3055 209 3114 pedes
236 3055 324 3110 posito.
363 3052 404 3100 60.
425 3057 474 3101 Fae
491 3057 626 3108 adimi-at.
647 3058 724 3112 Epist.
746 3055 770 3108 2,
793 3059 816 3110 1,
840 3053 917 3101 191.:
954 3055 1019 3100 illos
1038 3055 1148 3101 trahitur
1166 3059 1254 3102 meni-

132 3124 180 3168 bus
198 3137 288 3184 regum
299 3120 409 3182 fortuna
426 3127 541 3169 retortis.
561 3128 615 3170 inde
637 3125 660 3170 b.
681 3127 698 3170 1.
719 3126 861 3170 auctoritaie
880 3125 943 3168 Mes.
964 3128 1072 3169 emendat
1090 3131 1180 3174 traete.
1223 3127 1255 3170 At

131 3193 243 3244 Pri-rbus
264 3193 364 3236 Romam
383 3199 471 3255 tractus
493 3208 539 3237 uon
563 3199 608 3238 est.
666 3191 707 3236 62.
732 3193 767 3238 Ac
794 3195 832 3238 vel
856 3193 888 3238 Ar
904 3191 1000 3237 Decius
1018 3195 1097 3238 misso
1117 3194 1193 3239 Codd.
1220 3219 1253 3228 -

130 3260 253 3306 Admisso
268 3259 364 3304 Decius
377 3255 447 3306 Scal.
467 3263 532 3308 coni.
551 3263 623 3320 volgo
641 3266 746 3316 recepta.
767 3280 801 3294 -·
824 3261 856 3314 At
874 3274 987 3316 recepere
1007 3262 1056 3306 lac.
1076 3261 1123 3306 La.
1171 3259 1211 3307 dl.
1233 3263 1250 3307 i.

133 3345 155 3374 e.
177 3331 214 3373 Μ.
234 3331 346 3374 Valerius
365 3329 458 3374 Corvus
478 3345 502 3374 u.
522 3345 543 3374 c.
564 3327 623 3377 4⁰5.
677 3328 719 3374 65.
740 3329 906 3376 condiderant
925 3343 937 3372 e
962 3329 1022 3374 Cdd.
1044 3331 1092 3374 lac.
1112 3329 1160 3374 1.2.
1179 3331 1254 3376 Prae·

89 3405 93 3412 ’
131 3402 182 3442 stet
210 3397 273 3452 peri.
329 3395 370 3442 ⁶7.
397 3399 575 3443 Sententiarum
602 3412 687 3444 nexum
720 3411 780 3442 uuus
808 3399 867 3442 vidit
886 3397 1005 3451 vulpina:
1044 3397 1149 3442 Actiaca
1178 3399 1253 3446 steros

131 3467 176 3510 ric
206 3463 301 3510 Caesar
329 3465 459 3524 Augustus
489 3467 649 3524 Scipionum,
679 3464 797 3520 Carreilli,
831 3466 944 3523 Pompeii
972 3465 1082 3524 glorium
1114 3467 1251 3522 supererit.

132 3535 189 3580 Non
204 3534 313 3578 audiendi
338 3535 412 3591 igitur
432 3541 504 3594 sunt,
527 3537 566 3591 qul
587 3537 632 3580 hoe
651 3536 769 3580 distichon
800 3537 836 3579 vel
852 3539 908 3588 post
922 3546 945 3576 r.
967 3530 1009 3576 ts.
1029 3531 1139 3588 (Lacbm.
1156 3531 1194 3584 l.)
1218 3536 1254 3578 uel

130 3607 189 3658 post
206 3616 230 3647 r.
251 3600 293 3647 58.
313 3602 448 3656 (Passerut.
476 3603 584 3646 Rroulsb.
609 3601 707 3659 Burin.)
731 3604 917 3647 collocaverunt.
965 3601 1090 3658 Nunquam
1127 3606 1166 3644 ant
1196 3615 1253 3650 raro

130 3673 193 3716 baec
211 3671 380 3725 transponendi
399 3671 522 3714 conamina
542 3673 640 3720 criticis
663 3677 830 3716 successerunt
850 3673 874 3714 in
896 3671 973 3725 poetis
994 3671 1124 3728 elegiacis,
1156 3670 1195 3726 qui
1220 3672 1254 3719 la·

133 3740 248 3784 xiorlbos
262 3752 333 3792 saepe
349 3739 449 3782 vinculis
468 3741 598 3784 sententias
617 3741 697 3784 solent
714 3740 876 3798 adstringere.
915 3739 1027 3784 Ceterum
1046 3739 1143 3786 Lacbm.
1165 3739 1188 3782 in
1202 3739 1252 3792 lid.

132 3821 172 3862 pr.
193 3807 258 3852 dedit
274 3804 387 3862 Bosporo
403 3811 474 3865 capte
493 3821 522 3850 ex
540 3809 630 3853 lleinsii
652 3809 798 3852 coniectura.
836 3809 926 3851 Contra
945 3808 992 3852 lac.
1012 3805 1059 3850 1.2.
1078 3804 1190 3863 Bospore
1209 3821 1251 3851 cn·

126 3882 176 3932 pla
196 3889 208 3919 e
228 3875 289 3918 Cdd.
310 3888 353 3930 pro
381 3877 445 3934 vulg.
465 3873 581 3931 Bosporo
599 3881 682 3932 napta.
721 3876 772 3919 Cir.
794 3877 870 3930 (laud.
891 3875 951 3928 lac.)
970 3875 1108 3920 Schneiderl
1127 3873 1174 3920 Gr.
1187 3875 1251 3922 'Lau

132 3941 158 3987 2.
179 3956 204 3998 p.
225 3940 267 3988 ld.
306 3942 425 3997 Sulpicius
444 3945 499 3988 ser.
519 3945 583 3988 Dial.
605 3941 692 3996 1,,26.
727 3941 857 4000 Bosporus
875 3944 992 3988 excluso.

429 4012 484 4056 lus.
504 4013 549 4056 lll.
566 4057 568 4062 ,
586 4011 683 4056 ELEG.
701 4012 784 4056 nvn.
805 4013 859 4066 (lv.
879 4011 962 4064 xvi.)

203 4079 228 4124 2.
245 4085 338 4136 pacato
356 4093 409 4124 cum
429 4081 488 4124 Cdd.
509 4081 580 4134 Vulp.
602 4081 650 4124 lac.
674 4079 721 4124 ut.
758 4081 828 4134 ,line
846 4081 942 4134 recepi,
968 4081 1023 4136 quia
1042 4082 1107 4136 paris
1126 4096 1169 4138 per
1194 4085 1251 4128 Bae-

130 4151 203 4194 cbuui
221 4149 383 4202 impetrandae
409 4148 514 4203 precatio
539 4162 581 4202 per
600 4161 685 4198 tersus
708 4161 775 4204 seqq.
796 4153 877 4203 aperte
898 4149 1052 4204 exponitur.''
1077 4151 1123 4199 lac.
1145 4173 1173 4186 -
1194 4151 1251 4196 bac-

129 4216 206 4264 clrotn
224 4214 292 4274 (earn
309 4216 355 4264 Cd.
376 4213 506 4275 Groning.)
525 4217 613 4274 Vulgo.
635 4236 667 4250 ·-
684 4214 816 4275 lymphato
833 4218 916 4264 Burni.
931 4219 994 4263 coni.
1078 4279 1080 4284 ,
1149 4261 1152 4267 ,
