2946 4816
134 369 429 448 Haec,Calabrum
452 365 542 434 coxit
564 365 675 433 vitiato
698 363 818 430 murice
840 364 962 439 collese

134 477 233 540 Haec
255 476 384 537 baccam
408 465 549 536 conchae
571 469 687 533 rasisse
709 480 741 532 et
762 467 919 553 stringere
942 487 1040 531 venas

137 575 318 643 Ferventis
341 595 462 638 massae
484 575 585 637 crudo
607 575 646 635 de
667 573 801 655 pulvere
822 569 926 634 iussit.

137 682 262 746 Peccat
283 689 315 741 et
336 680 432 754 haec,
455 687 588 758 peccat:
615 674 695 740 vitio
719 687 820 738 tamen
844 673 955 738 utitur.
1001 674 1047 738 At
1069 695 1129 744 vos

137 782 266 858 Dicite,
290 779 477 862 pontifices,
502 778 533 842 in
554 797 648 841 sacro
671 777 749 862 quid
768 775 846 840 facit
868 775 1004 840 aearum?

138 886 267 967 Nempe
288 884 370 960 boc,
396 883 485 968 quod
504 878 629 944 Veneri
653 883 788 943 donatae
811 901 827 942 a
853 879 978 965 virgine
1000 899 1141 962 puppas.
1224 879 1266 941 70

141 985 228 1066 Quin
251 989 359 1049 damus
381 984 413 1048 id
435 981 583 1066 superis,
608 985 647 1045 de
669 1002 784 1066 magna
806 985 893 1066 quod
916 985 992 1045 dare
1014 981 1105 1046 lance

139 1090 219 1153 Non
241 1087 344 1171 possit
367 1086 476 1171 magni
497 1085 660 1150 Messalae
683 1084 771 1167 lippa
792 1105 965 1170 propago:

140 1189 366 1273 compositum
389 1189 439 1252 ius
462 1189 574 1272 sasque
597 1186 702 1251 animo
725 1198 918 1270 sanctosque
939 1208 1088 1250 recessus

140 1293 265 1357 Mentis
288 1303 319 1355 et
339 1292 502 1355 incoctum
525 1309 685 1374 generoso
707 1301 819 1372 pectus
841 1291 998 1353 honesto:

140 1395 234 1459 Haec
256 1397 357 1470 cedo,
382 1405 416 1456 ut
439 1395 624 1457 admoveam
647 1390 792 1475 templis,
817 1402 849 1455 et
870 1390 957 1455 snrre
979 1390 1093 1456 litabo.
1225 1393 1263 1455 75

502 1617 677 1682 SATIRA
707 1615 901 1681 TERTIA.

185 1759 331 1840 „Nempe
352 1758 415 1820 boc
437 1753 585 1819 assidue?
607 1756 673 1819 Iam
696 1755 817 1818 clarum
840 1775 930 1818 mane
951 1754 1110 1818 fenestras

141 1864 247 1927 Intrat
268 1869 301 1924 et
323 1871 473 1944 angustas
496 1857 637 1922 extendit
659 1857 775 1921 lumine
796 1856 906 1921 rimas.

142 1963 331 2040 stertimus,
355 1959 540 2025 indomitum
564 1963 651 2045 quod
673 1962 860 2043 despumare
882 1958 1054 2024 Falernum

141 2064 303 2140 Sufficiat,
329 2062 439 2148 qtrinta
461 2066 534 2125 dum
557 2061 636 2125 linea
660 2062 802 2146 tangitur
825 2064 950 2126 umbra.

141 2157 194 2230 Eo
221 2166 299 2252 quid
321 2165 411 2250 agis?
434 2163 543 2229 Siccae
565 2164 672 2227 insana
696 2164 838 2227 canicula
861 2185 979 2228 messes
1246 2167 1265 2230 5

140 2269 212 2333 Iam
235 2269 350 2330 dudum
374 2266 485 2351 coquit
506 2278 538 2330 et
559 2268 666 2350 patula
688 2288 787 2349 pecus
810 2288 904 2330 omne
927 2269 986 2330 sub
1009 2267 1096 2332 ulmo
1119 2267 1202 2331 est.'’

90 2407 98 2424 ι
141 2372 235 2436 Unus
258 2369 301 2433 ait
323 2369 486 2436 comitum.
510 2405 551 2416 -
574 2369 789 2444 „Verumne?
811 2368 920 2434 itane?
944 2369 1034 2434 ocius
1057 2370 1138 2434 adsit

214 2587 256 2636 65.
275 2587 339 2634 duee
363 2588 454 2635 Omnes
483 2591 540 2635 mei.
606 2586 648 2635 69.
668 2608 702 2621 -
718 2587 818 2633 Discite
840 2590 873 2633 V.
928 2588 964 2635 lb.
985 2588 1013 2633 in
1031 2586 1117 2648 sucro]
1134 2591 1166 2635 V.
1186 2607 1220 2624 ·-
1238 2590 1266 2634 in

140 2664 231 2706 saneto
245 2659 367 2704 l'REAM.
388 2681 418 2692 -
438 2659 466 2704 in
483 2659 569 2704 auerte
591 2659 621 2707 tt.
641 2681 665 2692 -
686 2657 714 2702 in
729 2658 826 2704 sanctie
844 2659 873 2703 F.
892 2682 919 2692 -
938 2659 1074 2716 intemplo
1095 2661 1121 2703 8.
1141 2659 1175 2716 (et
1189 2659 1221 2704 ll.
1241 2661 1265 2704 iu

139 2727 235 2788 ruarg.)
271 2729 334 2784 (etr.
353 2728 474 2774 Victoriu.
492 2730 516 2774 iu
544 2729 596 2774 Cic.
619 2728 689 2772 libet.
712 2727 767 2772 Lib.
795 2724 820 2774 2,
849 2741 873 2783 p.
898 2725 958 2773 218.
987 2728 1062 2784 Capp.
1082 2729 1125 2788 qul
1148 2741 1209 2774 nuso
1230 2742 1265 2772 ex

135 2799 241 2857 priuato
258 2811 337 2842 sucro
357 2799 486 2856 surripuit
503 2798 542 2843 nel
562 2799 591 2842 de
610 2811 679 2843 sacro
694 2794 819 2855 privetu.)
870 2794 912 2842 71.
931 2797 1072 2843 —demus
1093 2799 1120 2842 S.
1170 2795 1211 2844 72.
1234 2817 1264 2830 -

139 2868 262 2912 meseulle
279 2867 310 2911 Δ.
349 2864 391 2913 76.
411 2866 506 2928 animo]
525 2867 586 2912 God.
605 2867 698 2912 Ebuer.
717 2880 779 2922 rpw.
802 2886 835 2902 -
853 2867 934 2910 unioni
958 2867 1049 2912 Omnes
1073 2868 1130 2912 mei.
1169 2865 1210 2912 75.
1232 2889 1266 2901 -

139 2935 275 2981 admoneus
292 2936 324 2980 E.
345 2936 384 2996 (ln
402 2939 429 2983 8.
448 2950 571 2994 super-scr.
589 2942 615 2981 ut
632 2935 766 2994 moneam.)
802 2936 839 2981 lb.
861 2957 890 2969 -
910 2936 981 2982 iltuto
999 2937 1030 2981 E.
1050 2960 1083 2972 -
1103 2935 1186 2982 libabo
1204 2936 1265 2981 alias

138 3005 221 3051 titubo
238 3007 270 3050 T.

213 3076 331 3121 SA'rtltA
348 3075 394 3121 lll.
434 3073 457 3120 1.
475 3073 539 3134 leuc]
567 3075 620 3120 ΤΑ.
641 3096 675 3112 -·
693 3071 754 3120 leuse
774 3075 895 3121 RVESM.
942 3073 969 3121 2.
988 3097 1023 3112 -
1040 3075 1149 3121 ostendit
1165 3075 1264 3120 'l'ESM-

141 3142 168 3193 5.
189 3168 223 3180 ·-
241 3145 282 3191 oie
300 3146 353 3190 TE.
392 3142 417 3190 6.
437 3168 467 3178 ·-
485 3144 532 3190 eud
550 3146 616 3189 ulmo
634 3150 741 3190 om.·est
758 3145 812 3193 TV.
851 3142 875 3190 7.
896 3169 928 3180 -
947 3145 1002 3190 iture
1019 3144 1136 3192 lucrecius
1155 3143 1214 3204 (sie)
1231 3147 1264 3192 V.

140 3239 176 3250 —
195 3216 262 3260 ussit
279 3216 350 3261 TllS.

214 3373 255 3422 65.
275 3373 308 3420 Et
320 3371 453 3420 delubrum
466 3390 488 3421 r.
527 3373 568 3422 69.
587 3377 615 3420 in
627 3382 715 3421 saneto
726 3377 756 3421 Ρ.
790 3374 803 3417 7
810 3372 833 3420 3.
854 3375 935 3420 uniunt
949 3376 980 3422 P.
1013 3373 1054 3422 li.
1074 3388 1226 3438 generosum
1239 3389 1263 3431 p.

212 3533 256 3583 70.
283 3535 399 3580 Donatus
418 3551 434 3580 u
457 3537 557 3597 uirgine
571 3535 682 3596 puppas]
707 3537 823 3582 Solebant
839 3537 962 3596 virgines,
982 3541 1109 3593 antequam
1130 3535 1264 3591 uttbereut,

140 3607 259 3662 quaedam
284 3606 428 3664 uirginitatis
448 3619 506 3650 suae
533 3608 595 3650 doua
619 3607 709 3652 Veneri
734 3620 888 3652 consecrare.
933 3607 984 3651 lloc
1014 3611 1038 3650 et
1059 3609 1140 3651 Verre
1170 3605 1265 3650 scribit.

141 3673 156 3720 7
161 3671 187 3718 2.
206 3673 336 3719 Messalae
352 3675 423 3733 lippo
437 3674 564 3735 propago]
583 3676 679 3719 Cottam
697 3677 855 3721 Messalinum
873 3676 947 3730 dicit,
968 3675 1007 3733 qui
1025 3680 1074 3719 tam
1093 3675 1193 3719 vitiosos
1209 3688 1266 3719 ocu·

140 3745 181 3788 los
198 3745 223 3789 in
240 3748 360 3789 senectute
383 3745 481 3800 babuit,
514 3749 539 3788 ut
557 3745 684 3800 palpebrae
705 3743 757 3790 eius
779 3747 803 3790 in
825 3743 972 3790 exteriorem
993 3749 1085 3800 partem
1102 3748 1265 3789 verterentur.

140 3813 187 3857 ldie
205 3813 235 3857 ab
259 3813 359 3858 Aurelio
384 3814 453 3858 Cotts
480 3815 605 3869 adoptatus
631 3815 743 3860 Aurelius
762 3816 882 3860 Maximus
902 3814 1041 3868 dicebatur,
1074 3814 1192 3872 originem
1217 3818 1267 3857 tra·

141 3884 202 3927 bens
217 3883 247 3928 ab
265 3883 366 3928 Aurelio
388 3884 507 3935 Messala,
527 3884 567 3940 qui
585 3884 665 3928 sexies
687 3885 737 3939 (Sic
755 3885 824 3930 Reiz.
841 3884 894 3928 Cir.
913 3883 1068 3929 Almeloveen
1091 3883 1178 3927 Festos
1200 3885 1229 3926 ad
1242 3897 1266 3928 a.

142 3966 169 3996 u.
189 3967 212 3996 e.
232 3948 293 3998 tsi.
312 3975 346 3987 -
364 3953 456 4010 septies
473 3953 538 3998 Pitb.
586 3954 702 3998 Ceterum
718 3967 802 3998 verum
822 3954 873 3999 eius
895 3967 999 4008 nomen,
1020 3957 1046 3996 ut
1063 3965 1146 3997 ornnes
1168 3958 1266 4008 norunt,

141 4026 181 4066 est
199 4022 235 4066 M.
255 4022 368 4068 Valerius
388 4020 516 4078 Corunsz)
534 4022 580 4067 tuit
599 4024 692 4068 consul.
730 4025 775 4080 Qui
793 4037 866 4080 quom
883 4037 898 4066 a
917 4023 1019 4080 quodam
1038 4021 1108 4066 Gallo
1131 4023 1158 4065 ad
1182 4035 1267 4066 rnono·

140 4092 261 4135 muchium
279 4092 302 4136 in
329 4091 422 4153 praelio
448 4095 587 4147 vocaretur,
618 4105 705 4137 coruus
724 4107 797 4148 snper
819 4094 913 4152 galeam
932 4091 955 4136 lu
975 4091 1052 4147 cupite
1071 4092 1122 4137 eius
1141 4092 1217 4146 sedit,
1244 4096 1268 4136 et

140 4161 206 4205 vieto
223 4161 291 4206 boste
311 4161 431 4206 Corvinus
448 4166 546 4206 vocatus
565 4166 610 4206 est.

212 4231 337 4276 SA'l'lild.
357 4230 403 4276 lll.
443 4230 466 4276 1.
489 4231 554 4276 lianc
570 4232 668 4276 satirsrn
690 4235 759 4288 poete
780 4243 809 4276 ex
827 4230 913 4276 Lucilii
934 4229 997 4274 libro
1019 4235 1106 4288 quarto
1128 4228 1265 4280 transtulit,

141 4301 282 4358 castigantis
300 4301 399 4345 dirituur
417 4301 535 4346 luxuriam
554 4305 578 4345 et
596 4302 662 4346 vitia.
