2946 4816
1192 213 1255 278 283

243 369 390 436 xoVH.
428 365 617 445 Eiusdem,
640 387 688 432 ex
707 365 1035 434 numennumen:
1056 368 1140 449 (55.)

129 498 208 564 Lais
231 518 310 563 snus
335 497 463 564 Veneni
483 498 646 582 speculum
668 495 760 562 dicae
783 495 912 582 dignum
937 498 1053 562 hebeat
1074 519 1110 562 se

191 603 334 667 Aeteunn
356 611 517 665 ueternum
539 600 645 666 farma
672 597 891 666 ministerium.

127 705 174 769 At
197 703 272 767 mihi
292 703 398 767 nuilus
418 701 452 766 in
475 703 541 766 hae
566 721 665 764 usust
686 700 759 786 quia
782 721 915 766 ees-nene
937 704 1052 782 talem

192 805 305 887 Qualis
325 825 412 882 sum,
437 801 659 888 n0103quslis
685 823 790 882 eram,
814 825 954 888 nequeo.

211 964 378 1029 XCVIII.
406 959 592 1036 Eiusdem,
615 981 664 1024 ex
684 962 820 1024 Graeco
842 959 1036 1044 Antipatri.
1060 966 1166 1042 (105.)

111 1075 296 1142 amen-sam
321 1071 427 1156 pelagi
449 1091 551 1154 nuper
573 1070 764 1156 genitalibus
786 1070 878 1136 undis

192 1174 319 1258 Cyprin
341 1171 471 1256 Apellei
492 1193 588 1237 earne
611 1170 732 1237 inbonis
756 1193 856 1254 opus3

129 1279 173 1342 m
196 1278 365 1360 complexa
388 1297 479 1340 manu
502 1273 644 1339 madidos
667 1274 741 1338 selis
764 1296 907 1360 sequane
930 1275 1034 1340 crines

192 1379 374 1444 Humidulis
395 1398 523 1460 spumas
549 1376 678 1460 stringit
699 1389 836 1463 ultraque
859 1377 973 1464 annuis.

127 1482 194 1546 Iam
218 1481 277 1545 tibi
298 1501 376 1556 nas,
403 1480 522 1562 Cypri,
547 1473 631 1544 Iuno
653 1476 755 1564 inquit
778 1492 809 1542 et
831 1479 948 1543 innuba
971 1481 1102 1558 Pullus,
1232 1487 1251 1546 5

191 1583 343 1650 Cedimus
365 1593 399 1647 et
422 1583 547 1648 sou-mse
570 1580 712 1665 praemis
741 1581 924 1647 deserimus.

128 1744 256 1808 XCIX.
278 1738 454 1805 Eiusdem.
470 1743 512 1807 In
532 1742 666 1804 tumulo
679 1739 829 1804 hominis
836 1739 977 1834 felicis.
1000 1741 1167 1825 (Epitnpls.
1182 1745 1252 1826 35.)

128 1854 255 1936 Sparge
277 1872 368 1915 meno
390 1849 534 1927 cineres,
558 1852 639 1914 bene
662 1851 777 1914 olentis
802 1862 835 1915 et
857 1852 996 1935 unguine
1017 1855 1128 1931 nandi,

192 1957 341 2035 Hospes,
365 1965 399 2016 et
420 1955 499 2016 udde
521 1952 604 2016 rosis
623 1954 766 2015 balsama
788 1953 943 2035 puniceis.

127 2056 325 2138 Perpetuum
347 2055 423 2120 mihi
444 2076 503 2119 ves·
526 2054 592 2140 agit
617 2053 844 2118 illacrimnbilis
867 2076 965 2134 urna,
1044 2137 1047 2144 ⁴

189 2160 235 2222 Et
256 2156 448 2223 commutavi
470 2160 594 2246 secula,
619 2179 683 2221 non
705 2153 785 2221 obii.

126 2260 225 2326 Nulla
247 2257 323 2323 mihi
350 2258 470 2324 veteris
496 2258 661 2342 perierunt
683 2259 797 2344 gaudia
821 2259 924 2326 visset
1231 2268 1249 2330 5

155 2385 160 2402 ⁴
190 2365 256 2428 Seu
283 2363 459 2428 meminisse
481 2375 574 2448 putes
598 2364 705 2428 amnia
727 2362 796 2427 sive
823 2363 912 2428 nihil.

158 2505 197 2566 0.
219 2502 398 2568 Eiusdem.
421 2505 648 2590 Sepulchrum
669 2502 752 2570 Cari
773 2524 930 2568 uacuum.
953 2503 1123 2588 (Epitaph.
1147 2507 1218 2585 31.)

126 2616 188 2680 Me
208 2614 268 2680 sibi
294 2627 326 2678 et
347 2614 445 2679 senoni
469 2627 501 2678 et
521 2614 601 2678 nelis
624 2637 791 2680 commune
814 2617 1018 2699 sepulchrum

190 2715 369 2783 Consumit
388 2739 476 2781 senes
499 2718 603 2782 Cunus
626 2721 665 2780 ad
686 2717 867 2803 exsequias.

125 2819 259 2905 lamque
282 2819 335 2884 sliu
354 2830 556 2883 monuments
581 2831 713 2896 venant,
737 2819 840 2905 sitque
862 2819 923 2884 ista
947 2821 1080 2906 querela

189 2921 341 3004 Longius·
364 2933 396 2985 et
415 2919 523 2985 veniat
545 2921 656 2987 audine
681 2921 913 3007 quisquamne,
1261 3004 1263 3012 Ι

124 3023 284 3090 Nascendi
306 3023 362 3107 qui
384 3024 456 3108 lege
479 3025 590 3089 datus:
613 3023 836 3109 placidumque
860 3047 921 3109 pun
943 3046 1062 3091 aevum.
1228 3031 1247 3092 5

190 3124 360 3191 Condatem
381 3138 457 3190 natu
478 3126 533 3210 qui
554 3125 671 3208 prior,
695 3126 747 3190 ille
768 3128 873 3208 prior.

124 3268 180 3332 01.
211 3266 416 3350 Augustini.
446 3267 594 3334 Mensae
615 3265 832 3350 inscriptum.
857 3268 1007 3346 (Anthol.
1034 3271 1078 3332 L.
1102 3271 1136 3333 3.
1161 3270 1248 3350 suu.)

127 3376 282 3460 Quisquis
301 3389 383 3441 amat
406 3377 499 3441 diesis
526 3378 690 3442 absentum
712 3379 828 3442 rodere
854 3377 970 3456 vitam,

188 3480 283 3545 Hauc
305 3500 441 3542 mensam
465 3480 592 3544 vetitam
616 3479 743 3543 noverit
765 3501 834 3544 esse
857 3478 929 3544 sibi.
1005 3533 1009 3540 .
1103 3533 1106 3540 .

210 3621 292 3690 011.
331 3619 441 3688 Vettii
460 3618 588 3704 Agorii
610 3631 644 3684 et
665 3619 844 3684 Faustinae.
882 3617 1049 3700 (Gusseus'
1068 3623 1168 3686 Mus.

498 3722 647 3808 Capitol.
669 3722 700 3786 1.
723 3742 758 3804 p.
783 3722 873 3802 108.)
1159 3747 1161 3754 ’

519 3844 554 3909 Α
574 3843 702 3908 dextro
722 3845 850 3906 lateres

209 3954 256 4022 D.
285 3954 339 4022 Μ.
366 3954 511 4024 Vettius.
540 3954 697 4040 Agonius.
721 3955 960 4020 Praetextatus.
982 3955 1110 4039 Augur.
1132 3957 1249 4020 Ponti·

124 4055 192 4122 fex.
218 4059 352 4121 Vestae.
382 4058 550 4122 Pontifex.
575 4057 673 4121 Solis.
697 4055 959 4137 Quindecemvin.
984 4057 1135 4122 Cuuiulis.
1160 4061 1248 4122 Hen-

123 4158 214 4225 eulis.
242 4160 404 4226 Secessus.
435 4158 573 4224 Libero.
607 4161 664 4224 Et.
696 4158 871 4223 Eleusinis.
896 4158 1132 4240 Hierophmta.
1157 4162 1248 4224 Neo-

124 4281 234 4328 eorus.
252 4263 516 4329 'rauroboliuus
532 4265 646 4330 Peter.
662 4265 807 4330 Petrum.
823 4249 875 4327 In.
892 4262 957 4330 Re.
974 4262 1119 4328 Publica.
1141 4265 1247 4326 Vero.
