2964 4814
210 356 314 418 Ardet
335 354 365 416 in
389 364 553 416 exstructo
577 373 695 434 corpus
717 352 808 416 inane
832 373 930 436 rogo.

140 461 235 522 Ecce
256 477 336 538 puer
358 454 499 519 Veneris
521 454 584 516 lert
610 475 817 538 eversamque
839 456 1022 534 pharetram

217 561 262 621 Et
282 558 407 620 fractos
432 577 523 618 arcus
547 566 578 617 ct
600 555 668 618 sine
690 557 760 619 luce
782 558 897 619 lacem.

143 659 311 740 Adspice,
336 658 479 720 demissis
498 668 533 720 ut
553 668 604 720 eat
623 657 807 720 miserabilis
830 657 886 720 alis
932 685 934 690 ’

128 761 131 768 ’
212 762 416 843 Pectoraque
438 758 553 821 infesta
577 762 686 822 tundat
709 772 817 840 aperta
841 781 943 825 manu.

145 861 322 944 Excipiunt
344 862 446 944 sparsi
469 860 616 923 lacrimas
639 882 697 942 per
720 860 802 924 colla
825 861 932 942 capilli

212 964 342 1046 Oraque
365 962 507 1046 singultu
529 961 730 1026 concutiente
752 974 881 1027 sonant.

144 1064 272 1128 Fratris
295 1066 326 1127 in
347 1064 479 1127 Aeneae
502 1064 548 1126 sic
569 1064 656 1126 illum
679 1064 792 1126 funere
815 1063 923 1126 dicunt

210 1169 385 1252 Egressum
408 1166 537 1240 castris,
557 1159 696 1248 ¹pulcher
719 1166 805 1242 liile,
830 1164 904 1228 tuis.

145 1273 219 1332 Nec
242 1269 345 1330 minus
370 1279 416 1330 est
439 1266 571 1330 confusa
594 1270 726 1341 Venus,
752 1265 905 1330 moriente
930 1265 1082 1342 Tibullo,

210 1370 314 1449 Quam
335 1368 443 1431 iuveni
464 1368 552 1450 rupit
574 1389 671 1451 quom
693 1368 781 1430 ferus
802 1369 920 1450 inguen
943 1389 1032 1450 aper.

145 1475 193 1536 At
215 1471 298 1534 sacri
321 1483 408 1533 vates
432 1483 463 1532 et
484 1470 591 1532 divbm
615 1491 690 1532 cura
712 1491 886 1532 vocamur:
1008 1465 1010 1470 ’

211 1575 291 1635 Sunt
314 1571 427 1646 etiam,
451 1570 506 1655 qui
530 1591 588 1634 nos
611 1591 725 1634 nrrmen
748 1571 867 1634 habere
890 1582 1015 1653 putent.

146 1673 277 1737 Scilicet
300 1694 392 1736 omne
414 1655 648 1736 sacrum'mors
670 1672 853 1753 importuna
876 1673 1052 1754 profanat:

212 1775 367 1838 Omnibus
391 1776 545 1838 obscuras
569 1773 666 1836 iniicit
688 1774 740 1836 illa
764 1795 885 1836 manus.

147 1877 233 1958 Quid
255 1888 346 1958 pater
368 1876 522 1950 Ismario,
548 1875 623 1957 quid
645 1886 744 1936 mater
766 1874 891 1958 profuit
914 1875 1077 1958 Orpheo?

212 1977 364 2042 Carmine
386 1978 461 2060 quid
485 1978 584 2039 victas
607 1976 808 2058 obstupuisse
830 1977 940 2039 ieras?

146 2079 289 2142 Aelinon
311 2078 342 2140 in
365 2078 453 2140 silvis
475 2079 556 2141 idern
579 2089 671 2159 pater
694 2077 834 2141 Aelinon
856 2079 926 2140 altis

211 2181 337 2244 Dicitur
359 2181 459 2243 invita
481 2180 680 2244 concinuisse
703 2180 784 2259 lyra.

145 2282 260 2347 Adiice
282 2282 497 2355 Maeoniden,
522 2303 627 2364 aquo
650 2302 709 2344 ceu
730 2282 820 2345 fonte
843 2283 976 2364 perenni

211 2385 329 2446 Vatum
352 2382 467 2445 Pieriis
492 2404 549 2444 ora
570 2383 720 2466 rigantur
741 2384 852 2466 aquis;

145 2488 244 2548 Hunc
266 2506 396 2568 quoque
419 2505 537 2546 summa
561 2485 626 2546 dies
649 2484 744 2567 nigro
766 2485 937 2548 submersit
959 2486 1116 2550 Averno:

211 2583 391 2669 Defugiunt
413 2587 520 2648 avidas
542 2585 680 2648 earmina
706 2587 774 2648 sola
797 2608 912 2670 rogos.
1007 2623 1010 2630 ⁴

144 2690 252 2751 Durat
274 2707 356 2767 opus
377 2687 495 2762 latum,
523 2687 657 2750 'l'roiani
678 2687 761 2750 lama
785 2689 924 2765 laboris,

211 2791 383 2871 Tardaque
406 2800 564 2852 nocturno
587 2791 650 2851 tela
672 2799 797 2852 retexta
820 2791 909 2853 dolo.

145 2891 201 2954 Sic
222 2891 369 2953 Nemesis
392 2890 543 2974 longum,
568 2890 612 2951 sic
634 2891 728 2953 Delia
751 2912 864 2954 nornen
888 2894 1062 2955 habclumt.

211 2993 324 3056 Altera
349 3012 575 3065 curaremus,
601 2993 698 3054 altera
720 2993 843 3074 primus
866 3014 981 3070 amor.¹

145 3094 235 3174 Quid
253 3090 315 3181 'rr-os
337 3113 428 3155 sacra
450 3092 587 3155 iuvant?
609 3094 685 3176 quid
706 3116 788 3156 nunc
815 3096 978 3180 Aegyptia
1002 3110 1138 3179 prosunt

145 3293 222 3338 ceteri
243 3297 355 3347 corrupte
374 3291 467 3336 Elison
486 3295 522 3336 vet
541 3291 633 3346 edidit,
663 3293 759 3347 editur,
786 3294 895 3339 abditur.
939 3297 1051 3341 Ceterum
1071 3296 1179 3342 Aelinon
1205 3301 1264 3344 rali-

145 3363 188 3420 qui
206 3365 290 3417 poetae
313 3362 392 3406 Latini
413 3363 533 3419 ignorant.
571 3363 714 3420 intelligitur·
733 3369 811 3408 autem
828 3364 918 3417 Linus,
939 3365 1057 3420 Apollinis
1083 3372 1106 3410 et
1123 3367 1265 3411 Psamathes

144 3430 398 3486 (Pansae..Corinth.
426 3429 472 3482 ll,
503 3427 526 3474 7.
552 3431 635 3474 Conon
663 3430 715 3484 19.)
741 3431 819 3484 lilius,
853 3447 866 3475 a
889 3433 987 3477 canibus
1009 3437 1151 3488 discerptus.
1180 3435 1263 3479 Schol.

146 3501 247 3548 Villois.
267 3501 296 3542 sd
314 3501 343 3542 ll.
363 3511 396 3552 σ,
418 3496 477 3544 570.
498 3499 582 3543 Conon
595 3501 612 3543 l.
634 3501 650 3544 l.
671 3515 684 3544 a
709 3500 771 3544 Lino
789 3500 839 3544 lilio
857 3503 1005 3556 Amphimari
1020 3508 1043 3546 et
1056 3503 1174 3555 Uraniae,
1194 3517 1265 3561 quern

144 3574 198 3624 ipse
219 3567 307 3622 Apollo
333 3569 433 3620 occidit,
462 3568 537 3611 Paus.
553 3569 638 3613 Boeot.
660 3567 707 3622 29,
729 3567 753 3612 3.
771 3577 822 3614 eta
841 3571 902 3613 Lino
933 3567 1011 3627 „toti
1028 3565 1210 3632 ποιήσαντος
1227 3566 1264 3619 τὰ

143 3631 226 3700 ἔπη”
243 3638 317 3681 Paos.
346 3636 456 3680 Corinth.
480 3635 524 3690 19,
547 3635 571 3682 l.
592 3639 780 3696 distinguendus.
799 3653 822 3682 v.
847 3640 980 3696 Schweigh.
1004 3641 1033 3682 ad
1052 3640 1142 3682 llsrod.
1164 3636 1197 3692 2,
1222 3637 1263 3685 79.

145 3708 255 3751 Creuzer
274 3706 357 3758 spus.
377 3704 401 3750 2.
420 3721 443 3760 p.
464 3702 523 3752 263.
572 3704 614 3750 24.
633 3707 727 3751 invicto
746 3708 822 3750 Codd.
842 3709 919 3751 inulti.
939 3708 985 3751 Ed.
1007 3723 1044 3763 pr.
1062 3708 1120 3753 ,Tib
1164 3705 1207 3752 27.
1226 3706 1264 3752 cli·

145 3775 219 3820 misit
236 3775 312 3818 coda.
333 3773 357 3818 2.
386 3793 420 3806 -
447 3773 548 3818 demisit
571 3778 648 3830 placet
668 3777 814 3819 Burruauuo.
868 3774 910 3819 28.
930 3773 1083 3836 Defugiunt]
1102 3775 1163 3820 (lod.
1185 3775 1208 3820 1.
1229 3778 1264 3820 it-

146 3859 193 3902 qne
207 3845 251 3888 elsi
259 3857 339 3886 rarum
350 3845 411 3897 apud
423 3845 505 3897 po'e'tas
512 3845 694 3896 praeterendum
706 3845 838 3888 videbatur.
859 3845 935 3898 (idern
945 3847 1126 3899 praetulituune
1136 3843 1218 3898 lahn.)
1232 3869 1264 3881 --
1280 3835 1289 3851 ⁸

144 3911 334 3974 Effugr'untssd.
348 3925 385 3966 pr.
398 3913 455 3956 Tib.
467 3935 498 3950 -v
508 3910 654 3972 Diffugiunt
667 3913 773 3969 plerique
784 3913 859 3956 Codd.
875 3913 980 3970 ethdd.;
1001 3914 1149 3958 sedoffsudit
1159 3915 1266 3960 iunctum

146 3982 292 4027 accusativo.
314 3978 356 4025 29.
367 3986 449 4024 cutum
460 3980 535 4024 Codd.
547 3981 598 4024 Edd
617 3994 716 4035 omnm
730 3983 771 4024 sed
781 3982 825 4024 hoc
836 3982 950 4039 ineptuur;
965 3983 1069 4025 nondum
1082 3983 1144 4026 euim
1156 3985 1267 4038 depleri·

146 4055 192 4094 bns
202 4051 316 4094 ilumeris
330 4050 476 4106 cogitatum.
491 4071 523 4084 ·-
534 4051 597 4094 cotie
611 4051 702 4094 lleiusii
716 4052 779 4093 roni.
793 4063 865 4106 quum
878 4052 1011 4108 languidior
1024 4055 1079 4105 est,
1100 4057 1150 4095 turn
1162 4055 1201 4096 vix
1213 4067 1268 4096 eor·

146 4125 232 4174 raptus
250 4119 335 4162 fuisset
350 4121 489 4176 singularis.
526 4120 562 4162 Dc
582 4120 644 4163 coni.
665 4119 738 4176 igitur
761 4120 812 4163 dedi
825 4115 921 4176 sutum.
957 4121 1076 4173 „Fatum‚
1105 4123 1167 4178 quod
1187 4123 1268 4166 omnia

145 4189 271 4244 paullatim
294 4187 413 4240 ahsutnit‚
433 4189 539 4232 durmndo
561 4193 674 4243 superant
692 4189 789 4232 llornerr
809 4187 940 4231 carruinu.”
958 4190 997 4232 Sic
1017 4189 1069 4233 Lir.
1092 4187 1115 4254 l«.
1138 4187 1164 4234 9.
1182 4188 1266 4233 homi«

146 4257 219 4302 uinis
237 4261 343 4300 aetutem
361 4255 464 4301 dirrare.
