2964 4814
146 331 302 412 Corpora
323 331 492 412 disponens
516 341 650 394 mentem
676 351 740 394 non
764 330 843 394 vidit
864 332 896 396 in
923 343 1008 406 arte;

211 434 313 496 Recta
336 430 430 494 animi
451 429 587 511 primum
612 431 719 502 debuit
739 452 808 495 esse
828 431 891 496 via.

146 536 243 596 Nunc
264 531 359 594 maris
380 532 412 593 iu
434 540 553 595 tantum
576 542 673 596 vento
690 531 845 596 iactamur
875 544 907 596 et
927 535 1051 597 hostem

213 632 402 712 Quaerimus
426 642 521 714 atque
544 630 640 694 armis
666 632 819 694 nectimus
843 653 931 696 arma
950 653 1049 696 nova.

147 732 246 795 Hsird
269 733 348 794 ullas
369 731 516 812 portabis
539 751 618 812 opes
639 732 836 796 Acherontis
863 736 901 796 ad
922 736 1037 796 trudas:
1102 769 1104 776 =

213 835 324 895 Nudus
351 832 392 894 ad
409 831 565 906 infernas,
590 832 703 908 stulte,
727 834 846 896 vehere
869 845 968 898 rates.

147 933 267 997 Victor
288 954 360 994 cum
378 931 471 1019 victis
493 932 614 1012 pariter
636 931 820 994 miscebitur
840 933 980 1008 umbris;

211 1031 353 1097 Consule
376 1053 447 1094 cum
468 1031 599 1107 Mario,
624 1045 716 1113 capte
738 1035 915 1114 Iugurtha,
940 1037 1042 1097 sedes.

144 1119 258 1212 Lydus
280 1131 434 1197 Dulichio
459 1153 523 1206 non¹
545 1133 640 1194 distat
668 1132 812 1196 Croesus
835 1136 875 1196 ab
902 1134 973 1198 Iro.

211 1234 341 1315 Optima
363 1231 471 1308 mors,
496 1234 618 1296 Parcae
640 1253 722 1314 quae
745 1232 833 1295 veuit
855 1243 925 1294 acta
955 1237 1016 1296 die.

144 1337 205 1398 Me
227 1334 314 1397 iuvat
335 1334 365 1395 in
385 1332 487 1414 prima
511 1332 647 1396 coluisse
665 1332 824 1396 Helicona
850 1333 981 1398 iuventa

210 1435 443 1516 Musarumque
463 1433 571 1496 choris
592 1432 783 1514 implicuisse
803 1454 926 1498 mantis.

145 1536 205 1598 Me
228 1534 317 1596 iuvat
340 1545 372 1596 et
393 1535 493 1596 multo
515 1543 649 1595 mentem
673 1520 794 1594 vincire
820 1535 934 1612 Lyaeo

209 1638 253 1698 Et
276 1645 374 1715 caput
395 1634 426 1695 in
448 1653 547 1695 verna
568 1653 694 1713 semper
719 1634 839 1696 habere
862 1655 951 1698 rosa.

147 1737 258 1817 Atque
281 1734 337 1796 ubi
362 1734 423 1810 iam
447 1735 607 1796 Venerem
635 1733 745 1815 gravis
765 1733 976 1814 interceperit
1000 1747 1103 1810 aetas,

211 1834 375 1916 Sparserit
397 1845 430 1899 ct
453 1833 561 1916 nigras
584 1834 655 1894 alba
678 1846 807 1896 senecta
835 1854 962 1897 comas:

147 1939 231 1998 'l'unr
256 1935 331 1997 mihi
353 1946 482 1996 naturae
506 1933 601 1996 libeat
616 1933 810 2014 ,perdiscere
837 1956 962 2010 mores,
1218 1939 1257 1998 25

210 2036 291 2115 Quis
314 2038 391 2097 deus
413 2036 494 2096 hanc
517 2033 623 2096 mundi
643 2045 801 2116 temperet
823 2047 891 2098 arte
915 2038 1067 2100 domum:
1102 2099 1110 2106 ,

146 2138 219 2217 Qua
242 2136 329 2199 venit
351 2135 517 2210 exoriens,
542 2157 603 2215 qua
624 2134 747 2209 delicit,
774 2138 856 2200 unde
878 2135 999 2200 coactis

210 2236 372 2302 Cornibus
395 2235 426 2298 in
448 2235 576 2316 plenum
601 2247 761 2297 menstrua
789 2238 883 2298 Luna
905 2237 1009 2299 redit:

144 2342 239 2405 Unde
261 2339 330 2401 salo
353 2346 505 2417 superant
525 2335 633 2409 venti;
657 2336 733 2418 quid
752 2336 876 2400 flamine
896 2348 1004 2418 captet
1071 2404 1073 2413 ,

211 2441 336 2513 Eurus,
361 2449 392 2506 et
419 2436 451 2499 iu
472 2439 572 2498 nubes
599 2438 681 2498 unde
701 2438 850 2517 perennis
869 2417 988 2522 aquaz'

146 2542 194 2604 Sit
217 2552 351 2602 ventura
372 2539 456 2614 dies,
483 2538 587 2600 mundi
608 2558 689 2620 quae
712 2541 845 2601 subruat
868 2560 977 2602 arces:

210 2643 396 2721 Purpureus
418 2638 543 2719 pluvias
567 2659 624 2700 cur
646 2638 726 2699 bibit
752 2660 843 2702 arcus
864 2661 979 2721 aqttas:

145 2744 215 2805 Aut
238 2761 295 2802 cur
313 2739 492 2803 Perrhaebi
515 2751 671 2804 tremuere
695 2737 857 2806 cacumina
883 2739 993 2816 Pindi,

144 2959 255 3014 „Pncm
275 2972 331 3002 nmo
349 2960 405 3014 (nec
423 2961 485 3012 ulla,
504 2973 652 3018 quomrum
671 2959 773 3004 domino
786 2962 886 3018 proelia
904 2961 987 3016 nori3)
1005 2960 1050 3004 illu
1060 2956 1182 3018 profecto,
1199 2973 1260 3016 pro-

140 3033 200 3085 pter
219 3041 283 3086 quoe
298 3028 404 3071 milities
422 3041 449 3071 se
470 3028 532 3072 dure
550 3029 631 3072 solent
647 3029 709 3083 olii,
729 3043 838 3083 norum,
863 3042 995 3088 gemmus,
1021 3025 1173 3086 latifundia,
1200 3043 1262 3072 nero

144 3109 223 3154 nsque
242 3097 315 3152 cupio
344 3109 421 3153 neque
433 3094 552 3153 possideo
565 3128 572 3150 ,
604 3103 732 3140 contentus
749 3096 923 3142 mediocritate
944 3097 1027 3140 meo.”
1063 3097 1161 3141 Lacbm.
1182 3102 1261 3141 autem

143 3180 166 3208 v.
193 3161 217 3207 3.
254 3163 307 3208 Nec
330 3169 425 3207 tuntum
446 3191 453 3200 -
472 3168 550 3218 (nec,
580 3167 642 3222 quod
670 3167 749 3220 utique
773 3167 833 3211 ferri
851 3171 944 3221 potest,
975 3165 1154 3209 habeotGodd.
1176 3178 1259 3210 ornnes

144 3239 243 3288 praeter
257 3233 387 3289 Gronicg.)
411 3247 435 3296 u.
455 3229 479 3275 l.
499 3231 567 3275 bibat
590 3233 615 3278 5.
632 3238 728 3276 uretur.
784 3232 825 3279 14.
846 3237 881 3278 lta
894 3235 948 3282 libri
968 3233 1056 3277 sinceri
1070 3237 1093 3276 et
1114 3233 1213 3276 Laclun.
1227 3256 1260 3266 -

144 3301 199 3344 ltali
219 3299 327 3357 (vulgolz
347 3300 378 3342 ob
390 3297 493 3357 insarno
505 3305 577 3354 Γαΐα,-
590 3325 623 3334 -
642 3306 668 3344 ot
688 3299 790 3360 inser-nc
809 3328 818 3339 .
836 3309 891 3346 rote
910 3303 1038 3346 Schrader.
1058 3301 1105 3344 Sed
1126 3299 1149 3352 4,
1171 3298 1195 3353 7,
1217 3297 1259 3344 56.

143 3372 203 3414 duas
214 3374 280 3413 rates
292 3369 399 3412 infernas
411 3374 527 3412 memorat
535 3399 542 3422 ,
562 3371 736 3414 sceleratorum
749 3373 866 3422 alteram,
887 3372 987 3414 alteram
1005 3369 1108 3422 piorum.
1138 3365 1180 3411 15.
1201 3368 1261 3411 ruia·

143 3437 241 3482 cabitur·
260 3435 355 3480 umbris
369 3449 421 3480 cum
440 3436 500 3480 Cdd.
517 3438 581 3480 Scal.
601 3439 649 3481 lac.
669 3438 715 3482 Le.
736 3463 769 3473 —
787 3437 949 3481 aniscebe'mur
968 3434 1043 3480 undis
1062 3436 1106 3478 Cd.
1129 3435 1259 3491 Grouicg„

143 3506 206 3550 unde
226 3506 255 3547 de
281 3505 401 3548 Gulielmii
422 3506 485 3548 coni.
510 3505 626 3550 invaluit:
655 3507 818 3551 miscebimus·
836 3504 916 3551 ludis.
974 3501 1014 3547 18.
1034 3500 1142 3559 Parcus]
1161 3502 1259 3544 Lachm.

143 3573 257 3618 coni.-
274 3569 350 3616 Codd.
361 3586 453 3630 porco,
473 3575 535 3628 quod
550 3575 643 3617 librarii
655 3576 764 3618 videntur
779 3574 918 3628 opposuisse
932 3572 1017 3616 Croesi
1031 3569 1130 3617 divitiis.
1153 3589 1182 3600 -
1203 3571 1262 3612 ocio

143 3643 223 3687 Codd.
249 3643 306 3697 aliq.
334 3641 399 3693 Alii,
430 3639 524 3697 (vulgo)
549 3648 616 3698 opto.
645 3646 735 3700 (porco
759 3641 831 3694 dier,
863 3641 930 3696 qnasi
949 3642 1013 3684 dicas
1035 3634 1114 3704 κῆρα
1131 3632 1260 3703 ἡμέραν,

143 3711 165 3754 si
188 3709 312 3766 scaligero
327 3706 386 3751 fides
405 3714 458 3760 est,
479 3702 498 3770 ἡ
518 3707 691 3776 πεπρωμένη
710 3703 833 3775 ἡμέρα.)
879 3708 920 3754 19.
941 3707 983 3752 tt.
1003 3708 1068 3750 iuret
1085 3706 1161 3749 Codd.
1182 3705 1260 3758 pauci.

144 3779 234 3828 Guret.
254 3775 283 3820 L.
338 3773 380 3820 27.
409 3773 538 3820 Exoriem
563 3779 591 3821 de
619 3780 670 3822 sole
696 3779 803 3821 nonnulli
825 3777 943 3830 accipiunt
962 3779 1120 3830 provocantes
1141 3774 1170 3815 ad
1190 3771 1260 3830 Eleg.

142 3850 168 3890 ia
189 3845 248 3887 obit.
270 3845 380 3887 Maeccu.
401 3841 443 3890 56.
462 3842 577 3888 Hictelo
596 3845 622 3887 in
638 3842 764 3904 profugos
792 3868 824 3877 —
848 3841 923 3889 Misit
939 3843 974 3887 nd
997 3847 1125 3886 extremos
1143 3841 1261 3883 exorien-

143 3915 178 3958 tia
198 3925 283 3970 equos.
303 3913 376 3968 (Aen.
398 3911 427 3965 ⁵,
461 3908 519 3956 739.
539 3914 594 3956 Val.
614 3915 694 3958 Flacc.
716 3911 749 3966 3,
780 3909 839 3955 tlt.
860 3926 905 3956 nou
925 3911 1070 3961 Exoriente,
1102 3910 1143 3952 sed
1167 3907 1261 3952 Oriens

144 3983 232 4026 dicitur
251 3981 312 4032 sol.)
349 3979 395 4022 Sed
417 3981 467 4022 vide
487 3995 514 4024 ue
528 3981 581 4024 huic
597 3981 788 4035 interpretationi
808 3981 887 4026 obstet
900 3995 922 4024 v.
944 3976 986 4024 34.
1042 3975 1083 4021 31.
1104 3976 1142 4020 Sit
1159 3983 1263 4022 ventura

144 4047 239 4094 cett.
268 4049 316 4092 lec.
345 4046 391 4090 L2.
421 4060 465 4102 pro
483 4046 513 4090 st
533 4054 595 4092 rent.
645 4051 762 4094 Similiter
782 4062 806 4092 v·
826 4047 867 4096 39.
887 4050 939 4092 siut
958 4047 1017 4090 iuro
1034 4047 1106 4090 iidem
1128 4059 1172 4100 pro
1193 4046 1217 4088 si
1242 4045 1260 4087 i.

144 4114 188 4160 33.
217 4115 374 4169 Perrhaebi„
397 4116 478 4170 populi
506 4117 659 4174 Thessaliae,
692 4118 846 4172 Lapitharum
871 4117 975 4170 potentia
1006 4115 1075 4160 fracti
1103 4114 1214 4173 fugerunt
1239 4114 1261 4155 in

143 4184 253 4230 Aetoliae
274 4188 403 4236 montana,
424 4183 500 4227 Pindo
516 4187 635 4240 proxima.
656 4186 685 4230 ll.
705 4181 726 4244 β
733 4216 740 4241 ,
762 4183 820 4230 759.
