2948 4820
664 398 719 462 37.

127 505 230 580 Laeta
254 499 333 564 meri
356 509 474 575 inater,
499 521 580 584 qliae
602 499 723 580 crispas
746 499 886 566 molliter
907 523 985 568 uvas

173 604 313 667 =1ntcxis
336 601 426 664 lentis
448 601 537 664 ebria
560 602 760 684 palmitibus,

128 709 260 772 Fronde
282 718 334 769 tua
359 705 481 767 veletur
502 704 716 768 Anacreioute
739 703 885 768 columna

195 807 285 889 Quae
309 819 399 872 notat
423 819 454 870 et
477 807 578 881 tentiis
600 827 662 887 qaia
685 805 840 887 sepelitur
862 807 994 882 humus-3

130 911 177 975 Ut
198 909 308 974 sitiens
332 908 396 972 vini
417 920 679 991 eoauessatorqne
702 929 759 988 per
782 927 906 970 onmem

195 1012 332 1074 Noctem
356 1013 394 1073 de
416 1009 508 1092 pueri
530 1010 635 1091 pulset
656 1029 767 1071 artiore
790 1010 918 1090 chelyn.

130 1115 226 1178 Nunc
247 1112 403 1201 etiamque
425 1123 511 1196 tegat
535 1114 573 1174 dc
596 1110 738 1193 pulchris
761 1111 845 1175 sacta
867 1111 1000 1175 racemis

194 1215 232 1277 In
256 1227 358 1276 terras
380 1212 461 1296 lapsi
482 1213 563 1276 festa
587 1235 709 1278 corona
730 1225 846 1294 caput,

129 1319 202 1380 Nee
225 1316 347 1378 Bromii
369 1315 410 1379 sit
431 1315 517 1378 roris
540 1337 658 1399 egens,
683 1337 749 1399 quo
772 1315 895 1379 dulcius
918 1311 991 1400 ipso

195 1417 338 1500 Spiravit
362 1417 467 1500 lepido
490 1437 616 1506 carmen
639 1419 679 1480 ab
702 1438 759 1482 ore
781 1439 894 1482 senex.
986 1451 987 1458 κ

665 1603 719 1668 38.

131 1723 265 1808 Cingat,
291 1723 491 1800 Ameselon,
516 1724 716 1809 quadruplex
740 1736 790 1788 tua
813 1727 904 1790 busta
927 1730 1123 1810 corymbus,

195 1829 237 1889 Et
260 1839 344 1909 qliae
364 1837 533 1892 vernantes
555 1815 696 1908 purpura
727 1828 823 1890 vestit
845 1850 964 1914 agros3

130 1929 288 1992 Fontibus
311 1941 433 1992 emanet
456 1928 541 1991 nivei
563 1932 646 1992 bona
669 1929 761 2012 copia
784 1931 894 2008 lactis,

130 2033 132 2038 ’
194 2031 319 2092 Fundat
341 2030 468 2095 odorati
490 2034 604 2112 pocula
628 2043 712 2094 terra
736 2033 833 2109 meri,

130 2133 174 2196 Ut
196 2132 319 2195 cineres
342 2135 476 2196 habeant
499 2156 564 2217 quo
587 2137 781 2197 delectentur
804 2146 834 2198 ct
857 2155 949 2212 ossa,

193 2234 229 2296 Si
252 2236 324 2318 quid
346 2237 436 2298 dulce
459 2249 561 2298 taraaen
586 2238 738 2300 Manibus
761 2259 828 2300 esse
851 2250 977 2320 potest:

131 2339 162 2403 Ο
190 2337 242 2398 eui
265 2359 339 2400 cara
361 2336 421 2400 snit
443 2361 568 2421 semper
590 2342 657 2419 lyra
682 2341 808 2424 vitaque
831 2362 957 2406 annones

193 2441 338 2508 lateret
361 2453 494 2526 argutos
519 2443 675 2507 velificata
692 2445 821 2509 modos!

665 2631 719 2696 39.

130 2748 194 2831 Qui
215 2745 332 2810 transis
355 2746 405 2808 hic
426 2753 544 2832 hospes
568 2750 783 2816 Anacreionta
805 2751 982 2834 sepultum,

193 2857 228 2918 Si
251 2855 306 2917 tibi
329 2855 402 2938 quid
427 2866 551 2939 gratnm
574 2855 689 2939 pagina
711 2866 820 2917 nostra
843 2852 947 2918 dedit:
1010 2845 1013 2854 ¹

129 2957 199 3032 Da,
223 2978 328 3040 rogo,
353 2980 433 3040 qnae
455 2957 554 3021 cineri
575 2959 720 3039 placeant
741 2957 887 3020 libamina
912 2970 1045 3037 nostro,

193 3061 237 3123 Et
259 3081 325 3122 mea
351 3063 495 3122 Lenaeus
518 3047 646 3143 proluat
670 3082 741 3125 ossa
765 3059 892 3144 liquor:

129 3163 273 3227 Auribus
296 3176 328 3225 ut
351 3163 450 3226 teneri
476 3149 540 3224 vox
563 3184 689 3244 semper
711 3174 802 3246 grata
827 3161 949 3242 Lyaei,

194 3265 256 3356 Qui
279 3266 367 3348 dapis
389 3278 421 3328 et
443 3267 559 3328 Musae
582 3287 684 3346 nuper
706 3267 850 3328 alumnus
874 3286 980 3342 eram,

129 3368 220 3431 Haec
242 3390 373 3452 quoque
397 3390 459 3430 non
483 3369 616 3430 tolerem
638 3367 722 3431 dulei
744 3367 810 3430 sine
832 3388 960 3431 munere
983 3367 1102 3432 Bacchi
1135 3347 1137 3352 ,

193 3467 341 3531 Hiaiuano
365 3465 475 3550 generi
497 3465 601 3528 debita
625 3477 714 3530 vasta
736 3464 820 3528 loca.

662 3653 716 3717 40.

129 3776 265 3838 Tantum
290 3774 468 3840 victamne
491 3775 623 3860 quaevis
646 3776 753 3854 chelys
776 3773 872 3837 altera
895 3771 997 3850 cedit,
1022 3787 1024 3791 ’

193 3878 352 3956 Quantum
376 3899 417 3940 ex
439 3878 589 3941 hinnuleo
611 3877 688 3941 tibia
709 3878 795 3942 lacta
817 3879 926 3956 trahae.

127 3981 199 4044 Nec
219 3979 340 4043 frustra
363 3979 393 4042 in
416 3979 533 4043 teneris
556 3999 688 4042 examen
710 3979 800 4042 dulce
823 3975 966 4053 labellis5
1062 4063 1064 4070 γ
1095 3993 1100 4002 ·

190 4081 282 4145 Sedit
306 4093 337 4145 et
359 4081 486 4159 affundit,
511 4082 671 4158 Pindare,
696 4081 785 4144 mella
808 4080 876 4144 tibi.

128 4182 293 4268 Corniger
315 4184 474 4246 Arcadiae
495 4185 584 4248 testis
606 4186 718 4260 Deus,
742 4182 768 4245 is
791 4193 842 4244 tua
866 4201 1004 4268 namque
1228 4185 1247 4246 5

191 4285 338 4351 Carmina
362 4285 514 4370 depositis
536 4298 642 4351 cantat
663 4285 882 4351 arundinibus.
