2948 4820
177 395 340 460 Munitum
363 408 455 460 acuto
478 393 673 459 tela'timere
696 393 796 458 nelaa.

114 499 267 565 Cominus
290 498 502 583 aggrediens,
526 507 707 578 protentam
731 497 866 581 qrrilibet
887 499 1010 560 hastam

176 601 241 663 Vel
263 600 402 684 gladium
426 599 534 665 hostili
558 597 713 681 deprimat
736 600 767 661 in
790 599 907 662 latere:

112 705 254 767 Haereat
277 713 309 766 et
330 713 454 765 scutum
477 711 570 765 acuto
592 699 777 785 stabiliaque
799 700 871 782 pedi
893 720 972 785 pes,

176 807 259 866 'l'um
283 824 383 868 conus
405 823 509 880 cono,
535 813 600 865 tum
625 803 733 886 galeae
757 805 867 886 galea:

111 907 252 983 Pectora
276 905 461 988 pectoribus
483 905 618 978 coliant3
642 902 688 966 sic
710 903 808 986 ipaiua
831 904 933 968 hostia

176 1006 239 1069 Vel
263 1007 359 1069 telum
384 1005 526 1068 manibus
547 1004 696 1087 prendite
720 1007 772 1068 vel
794 1008 953 1088 capulum.

112 1112 164 1173 Tu
187 1130 268 1172 vero
291 1108 410 1171 interca
435 1108 519 1170 veles
542 1119 617 1189 post
638 1119 726 1170 scuta
749 1109 921 1188 latescens,

175 1213 247 1274 Nec
269 1210 405 1292 lapidum
429 1209 533 1274 densis
556 1209 708 1272 imbribus
732 1212 892 1286 obruere,

112 1314 183 1376 Nec
205 1333 294 1374 cessa
318 1311 427 1376 iaculis
451 1314 628 1374 obstantem
651 1311 753 1394 figere
775 1315 919 1376 turbam:

176 1416 225 1478 'l'e
248 1425 337 1496 teget
359 1425 482 1478 armato
503 1412 599 1478 milito
621 1417 717 1477 densa
741 1414 873 1479 cohors.

646 1598 695 1665 11.

110 1743 187 1806 Non
211 1740 277 1804 ullo
298 1739 332 1802 in
354 1739 479 1822 pretio,
504 1761 567 1802 non
590 1737 652 1803 ulla
676 1738 767 1802 laude
790 1742 965 1816 notandus,

175 1843 251 1906 Sive
274 1841 361 1924 perlis
385 1841 497 1905 celcris
521 1840 589 1904 sive
612 1863 721 1905 manus
744 1841 880 1926 pugilis,

110 1946 158 2010 Sit
182 1944 255 2007 licet
280 1956 311 2006 ct
334 1955 424 2007 vasto
448 1943 627 2026 Cyclopum
652 1963 792 2026 corpore
817 1945 918 2009 maior

174 2049 219 2111 Et
241 2057 370 2129 superet
391 2067 488 2108 cursu
512 2045 695 2108 Threicium
720 2048 876 2126 Boream,

111 2153 195 2214 Tum
217 2150 369 2231 pulchrae
393 2146 499 2210 vineat
521 2148 694 2210 Tithonum
719 2171 847 2213 minnere
871 2151 1011 2228 formae,

174 2251 304 2316 Divitiis
328 2250 481 2331 Cinyram
503 2237 688 2335 divitiisque
710 2251 852 2327 Midam,

111 2353 310 2419 Tantalidum
335 2355 490 2435 Pelopem
513 2351 629 2416 diffuso
651 2351 749 2416 limite
771 2352 882 2438 regni,

175 2457 348 2520 Adrastum
370 2455 476 2518 blandi
497 2453 633 2519 vocibus
657 2454 794 2537 eloquii,

111 2557 228 2625 Omnia
251 2557 329 2644 quin
350 2557 484 2633 habeat,
508 2555 538 2620 si
558 2553 638 2619 desit
660 2556 777 2620 adorea
799 2558 893 2623 belli:

174 2660 302 2742 Quippe
324 2681 399 2723 uaus
421 2659 526 2722 nullos
548 2670 693 2742 tempore
716 2659 833 2722 Martia
856 2662 968 2738 hahet,

110 2763 174 2844 Qui
195 2784 260 2824 non
282 2761 455 2844 intrepidus
478 2763 605 2824 caedem
627 2773 772 2843 spectare
795 2775 957 2824 cruentam

173 2863 432 2946 Consertumque
454 2861 540 2927 hosti
563 2865 681 2947 gaudet
702 2863 819 2926 hahere
842 2868 966 2945 prdem.

108 2968 186 3031 Hoc
208 2987 282 3028 vere
304 2963 441 3029 solidum
464 2975 623 3028 certamen
647 2975 677 3029 ot
700 2967 789 3028 unica
815 2965 938 3044 virtus,

172 3069 317 3132 Aeterno
339 3068 470 3131 iuvenes
493 3088 573 3152 quae
594 3069 725 3131 decorat
747 3069 877 3134 decore.
1250 3140 1252 3144 .

108 3173 175 3237 Res
198 3170 329 3253 populi,
354 3190 521 3233 commune
544 3172 662 3233 bonum
687 3169 735 3232 vir
757 3173 879 3235 robore
902 3184 1089 3255 praestans,
1187 3177 1227 3240 15

172 3274 328 3336 Immotus
351 3271 461 3354 primis
484 3271 538 3354 qui
561 3282 623 3334 stat
645 3270 675 3333 in
700 3272 883 3348 ordinibus,

108 3374 302 3458 Oblitusque
323 3375 419 3458 fugae
443 3373 581 3438 venitin
605 3373 775 3436 certamina
799 3375 936 3451 Martis,

173 3476 337 3540 Adiieiena
358 3475 513 3552 animum,
536 3475 708 3558 proiicieus
731 3475 887 3540 animam:

108 3579 173 3662 Qui
195 3589 332 3662 propter
353 3589 486 3664 stantem
509 3598 684 3662 generosae
707 3577 819 3642 mortis
841 3600 950 3644 amore

172 3679 341 3747 Concitatr
365 3682 448 3744 hunc
470 3681 556 3744 bello
580 3675 698 3744 direris
721 3683 908 3765 egregium:
1184 3686 1226 3748 20

108 3785 213 3866 Quom
235 3783 343 3848 subito
365 3782 497 3847 hostiles
520 3781 663 3865 pavitant
685 3783 886 3868 fugitantque
909 3796 1074 3863 catervae,

172 3884 237 3966 Qui
258 3886 334 3950 belli
356 3887 471 3949 fluctus
494 3897 562 3948 arte
586 3907 740 3969 manuque
762 3886 864 3968 regit,

109 3987 172 4068 Qui
195 3987 316 4050 dulcem
340 3987 469 4064 amittit,
494 3986 709 4069 sedprimus,
732 3986 762 4048 in
787 3987 912 4070 agmine
935 3988 1049 4053 vitam:

172 4091 314 4173 Magnus
340 4092 444 4153 honor
467 4087 598 4173 generi,
623 4110 755 4173 magnus
777 4089 883 4152 honor
905 4091 1045 4171 patriae:

108 4191 253 4256 Volnera
279 4192 373 4254 umlta
396 4192 522 4267 serens,
548 4193 680 4254 adversa
703 4193 758 4254 sed
781 4191 903 4270 onmia,
929 4192 1021 4258 fosso
1185 4195 1227 4261 25

170 4295 336 4373 Pectore,
362 4295 461 4359 lorica
486 4314 544 4358 nec
567 4293 669 4359 minua
691 4305 723 4358 ct
744 4292 861 4378 clipeo.
