2964 4814
250 223 310 282 too

275 360 278 368 ¹
312 375 430 451 Troia,
454 373 503 436 his
527 373 640 438 Oetaei
662 374 788 437 numine
811 386 902 457 capta
925 375 988 439 dci.

247 477 317 540 Nec
340 497 402 539 non
426 475 479 539 ille
501 477 546 539 tui
569 497 659 538 casus
682 486 877 540 memorator
900 478 1062 540 Homerus

311 577 505 642 Posteritate
527 598 617 638 suum
641 595 784 640 crescere
807 577 903 640 sensit
925 598 1019 660 opus.

248 680 372 763 Meque
394 678 477 740 inter
499 698 590 740 soros
614 676 752 740 laudabit
774 679 879 741 Roma
903 691 1052 760 nepotes;

308 781 403 843 Illum
425 791 501 860 post
522 778 646 842 cineres
672 799 817 862 auguror
839 779 907 861 ipse
930 780 1025 843 diem.
1049 817 1051 822 ·

245 881 296 944 Ne
319 902 387 943 mea
408 890 592 961 contemptu
615 877 695 960 lapis
717 878 834 942 indicet
856 901 929 944 ossa
951 882 1121 962 sepulcro',

308 979 483 1046 Provisum
507 992 571 1058 est,
597 980 702 1060 Lycio
726 990 801 1043 vota
824 984 982 1064 probante
1004 985 1080 1046 deo.

247 1080 405 1146 Carminis
429 1081 549 1160 interea
572 1081 674 1146 nostri
697 1084 862 1145 redeamus
884 1083 916 1144 in
940 1085 1072 1158 orbern,

309 1185 455 1269 Gaudeat
477 1195 511 1246 ut
533 1182 630 1246 solito
653 1185 863 1264 taeta'puella
884 1205 980 1248 sono.

246 1286 376 1366 Orphea
399 1283 654 1358 delinisseicras
678 1297 711 1348 et
733 1285 859 1350 concita
883 1285 988 1348 dicunt

240 1451 242 1454 ,
307 1384 451 1446 Flumina
475 1385 624 1447 Threicia
649 1385 834 1448 sustinuisse
855 1385 939 1466 iyra.

245 1488 328 1548 Saxa
352 1484 556 1547 Cithaeronis
579 1486 709 1548 Thebas
732 1485 852 1568 agitata
874 1507 934 1568 per
956 1497 1055 1550 artem

308 1589 431 1668 Sponte
453 1608 508 1649 sua
530 1587 561 1649 in
586 1586 668 1648 muri
691 1589 831 1650 membra
854 1589 957 1651 coisse
980 1589 1105 1653 icrunt:

245 1687 466 1768 Quinetiam,
491 1688 716 1772 Polypheme,v
734 1689 802 1752 iera
827 1690 959 1752 Galatea
982 1693 1040 1753 suh
1064 1693 1167 1754 Aetna

307 1791 361 1852 Aa
381 1802 433 1852 tua
457 1800 602 1852 rorantes
626 1789 764 1852 carmina
785 1790 876 1853 flexit
900 1813 1024 1874 equos:
1095 1823 1099 1832 ·

245 1889 423 1968 Miremur,
449 1891 541 1954 nohis
565 1902 596 1953 et
618 1891 748 1954 Baccho
772 1903 804 1954 et
822 1893 975 1973 Apolline
998 1895 1134 1969 dextro,

308 1994 420 2054 'l‘urhs
442 1991 619 2073 puellarum
642 1993 668 2055 si
692 2013 760 2054 mea
783 1996 881 2056 verba
905 1993 1018 2058 coiiti'

246 2094 342 2173 Quod
365 2114 428 2156 non
453 2092 618 2177 'l‘acnariis
641 2096 753 2156 domus
777 2106 824 2157 est
847 2095 921 2182 mihi
943 2096 1024 2158 suita
1045 2098 1221 2173 columnis,

303 2197 377 2258 Nec
399 2215 522 2256 camera
546 2205 673 2258 auratas
696 2196 779 2258 inter
800 2198 922 2259 eburna
945 2199 1075 2274 trabes,

243 2291 312 2360 Nee
334 2317 401 2358 mea
423 2296 587 2360 Phaeacas
610 2308 748 2379 aequant
769 2296 912 2378 pomaria
934 2297 1048 2374 silvas,

305 2398 380 2460 Non
403 2418 542 2480 operosa
564 2396 649 2479 rigat
671 2398 817 2461 Marcius
840 2410 930 2462 antra
951 2399 1084 2482 liquor:
1166 2435 1168 2439 v

244 2500 291 2561 At
313 2500 430 2562 Musae
454 2497 587 2562 comites
609 2511 640 2561 et
662 2499 801 2562 earmina
824 2511 916 2583 grata
937 2500 1056 2585 legenti
1096 2521 1100 2524 ·
1194 2489 1199 2504 ⁸

306 2603 348 2665 Et
371 2599 496 2663 defessa
519 2599 627 2662 choris
652 2599 818 2682 Calliopea
841 2602 929 2664 meis.

297 2825 339 2874 tt.
359 2827 435 2871 sentit
452 2827 511 2872 Cot.
535 2825 558 2870 1.
579 2827 686 2875 Broukh.
707 2828 797 2887 Vulgo.
859 2826 900 2873 10.
921 2834 947 2872 ut
968 2830 1042 2873 solito
1057 2829 1128 2876 hahet
1146 2830 1191 2877 Ed.
1211 2845 1250 2888 pr.
1263 2835 1362 2888 minor,

243 2899 304 2941 unde
324 2897 385 2952 qood
413 2895 511 2939 imchrn.
540 2896 615 2939 adhuc
641 2897 783 2956 ignorabat,
812 2897 942 2952 evincitur,
971 2899 994 2941 in
1017 2899 1106 2943 Codice
1127 2902 1213 2944 saitem
1232 2915 1278 2946 uno
1301 2903 1363 2947 hanc

244 2965 369 3010 tectionem
387 2964 522 3017 exstitisse,
548 2979 619 3021 quarn
639 2967 767 3022 pleraeque
784 2965 846 3010 Edi.
863 2971 954 3010 recent.
977 2979 999 3010 v.
1020 2981 1041 3012 c.
1060 2968 1143 3012 Bnrnr.
1162 2969 1282 3014 exhibent.
1321 2972 1364 3017 At·

243 3039 294 3077 tera
304 3033 349 3076 Ei.
363 3045 400 3085 pr.
413 3045 467 3075 eum
477 3034 556 3076 transitis
570 3034 638 3077 libris
647 3035 763 3088 insolito,
776 3037 836 3078 uude
848 3035 932 3078 Burni.
945 3039 969 3079 et
981 3034 1117 3083 bechinia
1131 3037 1214 3092 solito,
1228 3040 1317 3082 collato
1338 3037 1363 3093 2,

243 3099 277 3154 i,
298 3099 340 3145 28.
378 3098 493 3144 Gaudeat
510 3101 536 3144 in
551 3115 647 3159 puero,
667 3103 759 3160 siquis
777 3103 875 3147 amicus
888 3103 945 3149 erit.
963 3103 1068 3149 Huschk.
1087 3107 1117 3148 ad
1135 3105 1191 3150 Tib.
1214 3103 1247 3160 3,
1268 3106 1298 3167 1,
1318 3103 1361 3151 8.:'

242 3169 332 3225 „Nemo
351 3171 438 3226 gaudet
456 3170 479 3212 in
498 3183 577 3224 sono,
597 3172 665 3215 inuiti
684 3172 707 3214 in
722 3184 812 3228 puero.
834 3169 904 3216 orit.
924 3173 992 3216 Fast.
1014 3170 1042 3226 4,
1065 3170 1124 3218 133.
1162 3172 1278 3218 Gaudeat
1295 3175 1364 3218 assi·

242 3237 290 3282 duo
311 3251 357 3282 cur
375 3236 430 3282 Dea
448 3251 543 3297 magna
561 3241 648 3287 sono.”
682 3240 814 3284 Praeterea
842 3242 985 3298 iungentium
1016 3243 1067 3294 esti
1100 3247 1126 3286 nt
1144 3240 1259 3286 Gaudeat
1274 3244 1363 3300 puella

242 3312 309 3351 tacta
335 3318 397 3351 sono
425 3307 513 3361 solito,
543 3309 681 3365 neutiquam
702 3321 760 3352 vero
783 3306 898 3353 Gaudeat
923 3306 974 3364 (in)
998 3310 1073 3353 solito
1099 3322 1161 3354 sono
1174 3311 1263 3367 puella
1281 3316 1361 3355 tacta.

243 3375 332 3431 (Etiam
350 3376 400 3419 tac.
421 3381 447 3419 ut
466 3376 563 3434 solito.)
628 3375 670 3421 ii.
691 3374 782 3420 Novam
805 3377 905 3435 elegiam
928 3376 982 3420 hinc
1009 3379 1134 3422 ordiuntur
1156 3378 1248 3434 Gryph.
1266 3379 1361 3426 Dones.

242 3447 314 3498 Vnip.
353 3441 455 3501 Orphea
472 3444 684 3500 detinuiseecum
709 3445 769 3488 cdd.
789 3445 837 3488 Iac.
858 3450 882 3488 et
899 3443 946 3490 ta.
966 3446 992 3488 ln
1011 3445 1055 3494 Ed.
1080 3459 1118 3500 pr.
1138 3445 1167 3490 L.
1192 3451 1289 3492 secutus
1310 3452 1364 3492 erat

242 3513 372 3568 Ayrtnanni
392 3514 456 3557 coni.
475 3514 573 3558 minime
591 3515 778 3567 aspernandam:
811 3497 912 3570 Orphea
928 3512 1053 3557 delenisse
1059 3525 1071 3566 ;
1090 3515 1113 3557 in
1131 3520 1280 3568 pentametro
1301 3529 1362 3558 non·

242 3582 299 3626 nulii
317 3587 404 3626 iterum
424 3581 573 3625 detinuisse.
591 3583 697 3628 Broukh.
717 3583 799 3626 Barim
818 3579 962 3636 receperunt
979 3581 1070 3626 Heinsii
1089 3583 1173 3627 coni:
1195 3603 1225 3615 -
1245 3580 1359 3638 Orphea,

241 3657 264 3695 te
292 3649 400 3694 duxisse
428 3654 451 3693 et
476 3663 500 3694 v.
534 3647 575 3693 12.
595 3649 742 3693 detinuisse.
786 3649 861 3694 italici
886 3651 973 3704 pauci:
993 3671 1027 3684 -
1045 3646 1162 3707 Orphea,
1189 3656 1212 3694 te
1229 3651 1358 3705 tenuisse,

242 3721 304 3776 quod
321 3731 397 3773 nuper
414 3719 528 3772 praetulit
547 3717 641 3761 Nobbe.
661 3741 694 3750 —
713 3715 832 3774 Orphea,
863 3722 888 3773 ts
911 3718 1005 3762 lenisse
1023 3719 1096 3765 Kuin.
1150 3714 1192 3762 43.
1213 3717 1360 3762 Thebanam

161 3839 173 3852 .
242 3789 324 3832 Heius.
345 3787 387 3830 sed
401 3785 488 3843 iunge:
514 3799 582 3829 saxa
608 3786 722 3845 agitata,
752 3791 870 3830 commota
889 3787 939 3830 suis
961 3787 1058 3830 sedibus
1079 3790 1103 3830 et
1119 3790 1220 3830 attracta
1243 3789 1272 3830 ad
1293 3784 1361 3840 Tae,

242 3855 307 3901 bas.-
350 3852 392 3897 19.
413 3855 439 3896 iu
464 3853 581 3898 Taenaro
609 3854 728 3899 Laconias
751 3854 916 3908 promontorio
946 3855 1087 3908 lapidicinae
1116 3855 1245 3898 marinosis
1274 3854 1360 3898 viridis

243 3926 320 3965 erant.
339 3922 403 3965 Piin.
424 3922 454 3970 ii.
475 3922 505 3966 N.
527 3920 576 3976 36,
597 3921 621 3968 i.
661 3921 702 3968 52.
722 3923 787 3966 Ptin.
809 3923 838 3966 ii.
859 3920 890 3967 Ν.
911 3919 962 3976 31,
983 3919 1026 3967 24.
1063 3919 1215 3966 Clarissima
1235 3935 1360 3982 aquarum

242 3989 353 4034 omnium
367 3989 395 4032 in
410 3995 458 4033 toto
479 3990 537 4033 orbe
545 4022 552 4044 ,
565 3987 681 4050 frigoris
699 3991 906 4048 salubritatisque
914 3991 1003 4047 palma
1014 3991 1156 4046 praeconio
1173 3990 1243 4034 serbis
1255 3987 1361 4034 Mareia

243 4062 297 4110 est,
328 4056 395 4100 intes·
410 4059 509 4114 reliqua
533 4056 605 4102 deum
623 4073 729 4103 munera
748 4058 805 4102 urbi
827 4058 930 4103 tributu.
967 4057 1057 4102 Oritur
1075 4059 1103 4102 s'n
1121 4059 1217 4102 ultimis
1235 4056 1361 4102 montibus

242 4125 405 4184 Pelignururn
417 4137 427 4170 .·
445 4127 539 4172 transit
555 4125 659 4172 Marsos
677 4133 701 4171 et
716 4125 838 4171 Fucinum
852 4127 958 4181 ¹laeum,
977 4125 1081 4171 Romam
1102 4139 1152 4170 non
1168 4125 1359 4183 antispastus.

241 4191 306 4238 Mox
324 4193 352 4237 in
368 4206 459 4250 specus
480 4209 581 4250 rnersa,
606 4197 634 4240 in
650 4194 784 4239 Tiburtina
805 4209 833 4240 se
852 4195 936 4253 aperit
953 4207 1037 4239 novem
1056 4193 1167 4238 mnitibus
1184 4207 1256 4251 pass.
1270 4191 1361 4252 sorni-

243 4261 314 4307 eibus
333 4263 437 4308 structis
453 4263 584 4321 perducta.
630 4262 731 4309 Primus
749 4269 805 4306 earn
823 4265 851 4323 in
869 4262 955 4308 urbem
973 4262 1064 4309 ducere
1084 4263 1230 4320 auspicatus
1248 4268 1287 4308 est
1305 4261 1361 4308 An-
