<?xml version="1.0" encoding="UTF-8"?>
<!DOCTYPE html PUBLIC "-//W3C//DTD XHTML 1.0 Transitional//EN"
    "http://www.w3.org/TR/xhtml1/DTD/xhtml1-transitional.dtd">
<html xmlns="http://www.w3.org/1999/xhtml" xml:lang="en" lang="en">
 <head>
  <title>
</title>
<meta http-equiv="Content-Type" content="text/html;charset=utf-8" />
  <meta name='ocr-system' content='tesseract 3.04.00' />
  <meta name='ocr-capabilities' content='ocr_page ocr_carea ocr_par ocr_line ocrx_word'/>
</head>
<body>
  <div class='ocr_page' id='page_1' title='image "./eclogaepoetarum01orelgoog_0143.png"; bbox 0 0 2964 4814; ppageno 0'>
   <div class='ocr_carea' id='block_1_1' title="bbox 268 756 1120 876">
    <p class='ocr_par' dir='ltr' id='par_1_1' title="bbox 268 756 1120 876">
     <span class='ocr_line' id='line_1_1' title="bbox 268 756 1120 876; baseline 0.007 -54"><span class='ocrx_word' id='word_1_1' title='bbox 268 813 272 822; x_wconf 91' lang='lat'><strong>.</strong></span> <span class='ocrx_word' id='word_1_2' title='bbox 363 819 366 830; x_wconf 81' lang='grc'>,</span> <span class='ocrx_word' id='word_1_3' title='bbox 463 756 1120 876; x_wconf 10' lang='lat' dir='ltr'><strong>auu11r1upuuu1.</strong></span> 
     </span>
    </p>
   </div>
   <div class='ocr_carea' id='block_1_2' title="bbox 577 953 1003 1014">
    <p class='ocr_par' dir='ltr' id='par_1_2' title="bbox 577 953 1003 1014">
     <span class='ocr_line' id='line_1_2' title="bbox 577 953 1003 1014; baseline -0.009 0"><span class='ocrx_word' id='word_1_4' title='bbox 577 955 752 1014; x_wconf 82' lang='lat' dir='ltr'>ELEGIAE</span> <span class='ocrx_word' id='word_1_5' title='bbox 780 953 1003 1011; x_wconf 77' lang='lat' dir='ltr'><strong>SELECTAE.</strong></span> 
     </span>
    </p>
   </div>
   <div class='ocr_carea' id='block_1_3' title="bbox 579 1240 1087 1330">
    <p class='ocr_par' dir='ltr' id='par_1_3' title="bbox 579 1240 1087 1330">
     <span class='ocr_line' id='line_1_3' title="bbox 579 1240 1087 1330; baseline -0.002 -26"><span class='ocrx_word' id='word_1_6' title='bbox 579 1244 678 1305; x_wconf 79' lang='lat' dir='ltr'><strong>Luam</strong></span> <span class='ocrx_word' id='word_1_7' title='bbox 700 1244 729 1306; x_wconf 90' lang='lat'><strong>1.</strong></span> <span class='ocrx_word' id='word_1_8' title='bbox 767 1240 945 1305; x_wconf 82' lang='lat' dir='ltr'><strong>ELEG1A</strong></span> <span class='ocrx_word' id='word_1_9' title='bbox 969 1241 997 1303; x_wconf 85' lang='lat' dir='ltr'><strong>l.</strong></span> <span class='ocrx_word' id='word_1_10' title='bbox 1082 1323 1087 1330; x_wconf 21' lang='grc' dir='ltr'>ι</span> 
     </span>
    </p>
   </div>
   <div class='ocr_carea' id='block_1_4' title="bbox 229 1379 1124 2372">
    <p class='ocr_par' dir='ltr' id='par_1_4' title="bbox 233 1379 942 1564">
     <span class='ocr_line' id='line_1_4' title="bbox 233 1379 942 1462; baseline -0.006 -14"><span class='ocrx_word' id='word_1_11' title='bbox 233 1381 368 1448; x_wconf 82' lang='lat' dir='ltr'><strong>Divitias</strong></span> <span class='ocrx_word' id='word_1_12' title='bbox 390 1381 467 1444; x_wconf 84' lang='lat' dir='ltr'><strong>aliua</strong></span> <span class='ocrx_word' id='word_1_13' title='bbox 489 1381 580 1445; x_wconf 85' lang='lat' dir='ltr'><strong>lulvo</strong></span> <span class='ocrx_word' id='word_1_14' title='bbox 603 1379 663 1444; x_wconf 83' lang='lat' dir='ltr'>sibi</span> <span class='ocrx_word' id='word_1_15' title='bbox 684 1392 840 1462; x_wconf 76' lang='lat' dir='ltr'><strong>congerat</strong></span> <span class='ocrx_word' id='word_1_16' title='bbox 864 1400 942 1444; x_wconf 86' lang='lat' dir='ltr'><strong>auro</strong></span> 
     </span>
     <span class='ocr_line' id='line_1_5' title="bbox 296 1475 934 1564; baseline -0.009 -16"><span class='ocrx_word' id='word_1_17' title='bbox 296 1486 340 1548; x_wconf 87' lang='lat' dir='ltr'><strong>Et</strong></span> <span class='ocrx_word' id='word_1_18' title='bbox 360 1493 465 1547; x_wconf 89' lang='lat' dir='ltr'><strong>teneat</strong></span> <span class='ocrx_word' id='word_1_19' title='bbox 486 1480 565 1544; x_wconf 93' lang='lat' dir='ltr'><strong>culti</strong></span> <span class='ocrx_word' id='word_1_20' title='bbox 585 1481 697 1564; x_wconf 86' lang='lat' dir='ltr'><strong>iugera</strong></span> <span class='ocrx_word' id='word_1_21' title='bbox 720 1481 815 1542; x_wconf 79' lang='lat' dir='ltr'><strong>inulta</strong></span> <span class='ocrx_word' id='word_1_22' title='bbox 838 1481 898 1545; x_wconf 83' lang='lat' dir='ltr'><strong>soli</strong></span> <span class='ocrx_word' id='word_1_23' title='bbox 912 1475 934 1555; x_wconf 82' lang='grc'><strong>,’</strong></span> 
     </span>
    </p>

    <p class='ocr_par' dir='ltr' id='par_1_5' title="bbox 233 1580 1063 1766">
     <span class='ocr_line' id='line_1_6' title="bbox 233 1580 1021 1664; baseline -0.005 -16"><span class='ocrx_word' id='word_1_24' title='bbox 233 1585 334 1664; x_wconf 83' lang='lat' dir='ltr'>Quem</span> <span class='ocrx_word' id='word_1_25' title='bbox 358 1585 450 1649; x_wconf 85' lang='lat' dir='ltr'><strong>labor</strong></span> <span class='ocrx_word' id='word_1_26' title='bbox 473 1582 613 1645; x_wconf 84' lang='lat' dir='ltr'><strong>assiduus</strong></span> <span class='ocrx_word' id='word_1_27' title='bbox 638 1580 743 1645; x_wconf 87' lang='lat' dir='ltr'><strong>vicino</strong></span> <span class='ocrx_word' id='word_1_28' title='bbox 766 1592 887 1644; x_wconf 83' lang='lat' dir='ltr'><strong>terreat</strong></span> <span class='ocrx_word' id='word_1_29' title='bbox 907 1583 1021 1654; x_wconf 82' lang='lat' dir='ltr'><strong>hoste,</strong></span> 
     </span>
     <span class='ocr_line' id='line_1_7' title="bbox 295 1682 1063 1766; baseline -0.004 -19"><span class='ocrx_word' id='word_1_30' title='bbox 295 1684 418 1748; x_wconf 89' lang='lat' dir='ltr'><strong>Martia</strong></span> <span class='ocrx_word' id='word_1_31' title='bbox 440 1684 490 1746; x_wconf 87' lang='lat' dir='ltr'><strong>oui</strong></span> <span class='ocrx_word' id='word_1_32' title='bbox 512 1704 642 1746; x_wconf 84' lang='lat' dir='ltr'>somnos</span> <span class='ocrx_word' id='word_1_33' title='bbox 665 1682 796 1744; x_wconf 80' lang='lat' dir='ltr'><strong>classica</strong></span> <span class='ocrx_word' id='word_1_34' title='bbox 818 1684 910 1765; x_wconf 77' lang='lat' dir='ltr'><strong>pulta</strong></span> <span class='ocrx_word' id='word_1_35' title='bbox 931 1684 1063 1766; x_wconf 86' lang='lat' dir='ltr'><strong>sugent:</strong></span> 
     </span>
    </p>

    <p class='ocr_par' dir='ltr' id='par_1_6' title="bbox 232 1783 989 1967">
     <span class='ocr_line' id='line_1_8' title="bbox 232 1783 978 1868; baseline -0.007 -18"><span class='ocrx_word' id='word_1_36' title='bbox 232 1785 292 1850; x_wconf 89' lang='lat' dir='ltr'><strong>Me</strong></span> <span class='ocrx_word' id='word_1_37' title='bbox 314 1806 382 1848; x_wconf 90' lang='lat' dir='ltr'><strong>mea</strong></span> <span class='ocrx_word' id='word_1_38' title='bbox 403 1796 572 1867; x_wconf 78' lang='lat' dir='ltr'><strong>paupertas</strong></span> <span class='ocrx_word' id='word_1_39' title='bbox 595 1783 678 1846; x_wconf 87' lang='lat' dir='ltr'><strong>vitae</strong></span> <span class='ocrx_word' id='word_1_40' title='bbox 700 1785 846 1868; x_wconf 79' lang='lat' dir='ltr'><strong>traducat</strong></span> <span class='ocrx_word' id='word_1_41' title='bbox 867 1783 978 1857; x_wconf 85' lang='lat' dir='ltr'><strong>inerti,</strong></span> 
     </span>
     <span class='ocr_line' id='line_1_9' title="bbox 293 1883 989 1967; baseline -0.006 -17"><span class='ocrx_word' id='word_1_42' title='bbox 293 1886 378 1951; x_wconf 88' lang='lat' dir='ltr'><strong>Dum</strong></span> <span class='ocrx_word' id='word_1_43' title='bbox 403 1906 489 1949; x_wconf 87' lang='lat' dir='ltr'><strong>meus</strong></span> <span class='ocrx_word' id='word_1_44' title='bbox 511 1885 637 1949; x_wconf 72' lang='lat' dir='ltr'><strong>assiduo</strong></span> <span class='ocrx_word' id='word_1_45' title='bbox 660 1885 766 1947; x_wconf 85' lang='lat' dir='ltr'><strong>luceat</strong></span> <span class='ocrx_word' id='word_1_46' title='bbox 788 1883 860 1967; x_wconf 85' lang='lat' dir='ltr'><strong>igne</strong></span> <span class='ocrx_word' id='word_1_47' title='bbox 883 1885 989 1948; x_wconf 81' lang='lat' dir='ltr'><strong>socna.</strong></span> 
     </span>
    </p>

    <p class='ocr_par' dir='ltr' id='par_1_7' title="bbox 230 1986 1002 2168">
     <span class='ocr_line' id='line_1_10' title="bbox 230 1986 996 2070; baseline -0.004 -19"><span class='ocrx_word' id='word_1_48' title='bbox 230 1989 306 2070; x_wconf 79' lang='lat' dir='ltr'><strong>Ipse</strong></span> <span class='ocrx_word' id='word_1_49' title='bbox 328 2008 429 2050; x_wconf 88' lang='lat' dir='ltr'><strong>seram</strong></span> <span class='ocrx_word' id='word_1_50' title='bbox 452 1999 578 2050; x_wconf 81' lang='lat' dir='ltr'><strong>teneras</strong></span> <span class='ocrx_word' id='word_1_51' title='bbox 600 1997 724 2050; x_wconf 88' lang='lat' dir='ltr'><strong>maturo</strong></span> <span class='ocrx_word' id='word_1_52' title='bbox 747 1996 892 2066; x_wconf 89' lang='lat' dir='ltr'><strong>tempore</strong></span> <span class='ocrx_word' id='word_1_53' title='bbox 915 1986 996 2048; x_wconf 86' lang='lat' dir='ltr'><strong>vitea</strong></span> 
     </span>
     <span class='ocr_line' id='line_1_11' title="bbox 293 2086 1002 2168; baseline -0.006 -16"><span class='ocrx_word' id='word_1_54' title='bbox 293 2089 445 2153; x_wconf 83' lang='lat' dir='ltr'><strong>Ruaticua</strong></span> <span class='ocrx_word' id='word_1_55' title='bbox 467 2099 497 2150; x_wconf 91' lang='lat' dir='ltr'><strong>et</strong></span> <span class='ocrx_word' id='word_1_56' title='bbox 518 2086 605 2149; x_wconf 88' lang='lat' dir='ltr'><strong>sacili</strong></span> <span class='ocrx_word' id='word_1_57' title='bbox 627 2086 756 2168; x_wconf 79' lang='lat' dir='ltr'><strong>grandia</strong></span> <span class='ocrx_word' id='word_1_58' title='bbox 779 2106 873 2168; x_wconf 88' lang='lat' dir='ltr'><strong>poma</strong></span> <span class='ocrx_word' id='word_1_59' title='bbox 897 2107 1002 2150; x_wconf 80' lang='lat' dir='ltr'><strong>munit.</strong></span> 
     </span>
    </p>

    <p class='ocr_par' dir='ltr' id='par_1_8' title="bbox 229 2187 1124 2372">
     <span class='ocr_line' id='line_1_12' title="bbox 229 2187 1124 2271; baseline -0.001 -18"><span class='ocrx_word' id='word_1_60' title='bbox 229 2192 301 2253; x_wconf 85' lang='lat' dir='ltr'><strong>Nee</strong></span> <span class='ocrx_word' id='word_1_61' title='bbox 322 2211 396 2270; x_wconf 85' lang='lat' dir='ltr'><strong>apes</strong></span> <span class='ocrx_word' id='word_1_62' title='bbox 419 2187 585 2262; x_wconf 79' lang='lat' dir='ltr'><strong>destituat,</strong></span> <span class='ocrx_word' id='word_1_63' title='bbox 609 2189 664 2250; x_wconf 82' lang='lat' dir='ltr'><strong>sed</strong></span> <span class='ocrx_word' id='word_1_64' title='bbox 686 2187 816 2271; x_wconf 82' lang='lat' dir='ltr'><strong>frugum</strong></span> <span class='ocrx_word' id='word_1_65' title='bbox 839 2208 967 2269; x_wconf 81' lang='lat' dir='ltr'><strong>semper</strong></span> <span class='ocrx_word' id='word_1_66' title='bbox 989 2207 1124 2252; x_wconf 85' lang='lat' dir='ltr'><strong>acervos</strong></span> 
     </span>
     <span class='ocr_line' id='line_1_13' title="bbox 293 2287 1005 2372; baseline -0.001 -19"><span class='ocrx_word' id='word_1_67' title='bbox 293 2292 453 2354; x_wconf 81' lang='lat' dir='ltr'><strong>Praebeat</strong></span> <span class='ocrx_word' id='word_1_68' title='bbox 475 2300 506 2351; x_wconf 92' lang='lat' dir='ltr'><strong>et</strong></span> <span class='ocrx_word' id='word_1_69' title='bbox 527 2289 622 2369; x_wconf 87' lang='lat' dir='ltr'><strong>pleno</strong></span> <span class='ocrx_word' id='word_1_70' title='bbox 644 2287 774 2372; x_wconf 82' lang='lat' dir='ltr'><strong>pinguia</strong></span> <span class='ocrx_word' id='word_1_71' title='bbox 798 2300 898 2350; x_wconf 79' lang='lat' dir='ltr'><strong>mirata</strong></span> <span class='ocrx_word' id='word_1_72' title='bbox 921 2292 1005 2352; x_wconf 91' lang='lat' dir='ltr'><strong>lacu.</strong></span> 
     </span>
    </p>
   </div>
   <div class='ocr_carea' id='block_1_5' title="bbox 228 2388 1137 2476">
    <p class='ocr_par' dir='ltr' id='par_1_9' title="bbox 228 2388 1137 2476">
     <span class='ocr_line' id='line_1_14' title="bbox 228 2388 1137 2476; baseline 0 -22"><span class='ocrx_word' id='word_1_73' title='bbox 228 2393 310 2455; x_wconf 84' lang='lat' dir='ltr'><strong>Nam</strong></span> <span class='ocrx_word' id='word_1_74' title='bbox 335 2411 492 2467; x_wconf 89' lang='lat' dir='ltr'><strong>veneror,</strong></span> <span class='ocrx_word' id='word_1_75' title='bbox 517 2411 571 2452; x_wconf 84' lang='lat' dir='ltr'><strong>seu</strong></span> <span class='ocrx_word' id='word_1_76' title='bbox 594 2388 692 2472; x_wconf 77' lang='lat' dir='ltr'><strong>stipes</strong></span> <span class='ocrx_word' id='word_1_77' title='bbox 714 2391 810 2450; x_wconf 90' lang='lat' dir='ltr'><strong>habet</strong></span> <span class='ocrx_word' id='word_1_78' title='bbox 832 2393 975 2452; x_wconf 82' lang='lat' dir='ltr'><strong>desertus</strong></span> <span class='ocrx_word' id='word_1_79' title='bbox 998 2392 1028 2454; x_wconf 93' lang='lat' dir='ltr'><strong>in</strong></span> <span class='ocrx_word' id='word_1_80' title='bbox 1052 2390 1137 2476; x_wconf 79' lang='lat' dir='ltr'><strong>agris</strong></span> 
     </span>
    </p>
   </div>
   <div class='ocr_carea' id='block_1_6' title="bbox 225 2599 1382 3208">
    <p class='ocr_par' dir='ltr' id='par_1_10' title="bbox 225 2599 1382 3208">
     <span class='ocr_line' id='line_1_15' title="bbox 280 2599 1345 2658; baseline 0.001 -12"><span class='ocrx_word' id='word_1_81' title='bbox 280 2603 346 2646; x_wconf 79' lang='lat' dir='ltr'><strong>Artis</strong></span> <span class='ocrx_word' id='word_1_82' title='bbox 373 2601 469 2645; x_wconf 79' lang='lat' dir='ltr'><strong>criticae</strong></span> <span class='ocrx_word' id='word_1_83' title='bbox 493 2601 516 2643; x_wconf 88' lang='lat' dir='ltr'><strong>in</strong></span> <span class='ocrx_word' id='word_1_84' title='bbox 541 2599 638 2643; x_wconf 83' lang='lat' dir='ltr'><strong>Tibullo</strong></span> <span class='ocrx_word' id='word_1_85' title='bbox 666 2600 811 2644; x_wconf 79' lang='lat' dir='ltr'><strong>exercendae</strong></span> <span class='ocrx_word' id='word_1_86' title='bbox 835 2602 925 2642; x_wconf 81' lang='lat' dir='ltr'><strong>rectam</strong></span> <span class='ocrx_word' id='word_1_87' title='bbox 950 2610 1059 2658; x_wconf 74' lang='lat' dir='ltr'><strong>normam</strong></span> <span class='ocrx_word' id='word_1_88' title='bbox 1077 2600 1229 2644; x_wconf 79' lang='lat' dir='ltr'><strong>constituisse</strong></span> <span class='ocrx_word' id='word_1_89' title='bbox 1250 2603 1345 2647; x_wconf 81' lang='lat' dir='ltr'><strong>videtur</strong></span> 
     </span>
     <span class='ocr_line' id='line_1_16' title="bbox 227 2666 1344 2722; baseline -0.001 -7"><span class='ocrx_word' id='word_1_90' title='bbox 227 2671 400 2716; x_wconf 79' lang='lat' dir='ltr'><strong>Laeliananaua.</strong></span> <span class='ocrx_word' id='word_1_91' title='bbox 447 2668 533 2712; x_wconf 77' lang='lat' dir='ltr'><strong>Totins</strong></span> <span class='ocrx_word' id='word_1_92' title='bbox 550 2669 587 2712; x_wconf 86' lang='lat' dir='ltr'><strong>rei</strong></span> <span class='ocrx_word' id='word_1_93' title='bbox 605 2673 675 2722; x_wconf 87' lang='lat' dir='ltr'><strong>eaput</strong></span> <span class='ocrx_word' id='word_1_94' title='bbox 697 2667 742 2711; x_wconf 90' lang='lat' dir='ltr'><strong>hoc</strong></span> <span class='ocrx_word' id='word_1_95' title='bbox 760 2671 815 2721; x_wconf 61' lang='lat' dir='ltr'><strong>eat.</strong></span> <span class='ocrx_word' id='word_1_96' title='bbox 843 2669 968 2710; x_wconf 82' lang='lat' dir='ltr'><strong>utaednlo</strong></span> <span class='ocrx_word' id='word_1_97' title='bbox 987 2667 1056 2711; x_wconf 80' lang='lat' dir='ltr'><strong>nobie</strong></span> <span class='ocrx_word' id='word_1_98' title='bbox 1074 2666 1248 2713; x_wconf 83' lang='lat' dir='ltr'><strong>eavearnua&#39;ab</strong></span> <span class='ocrx_word' id='word_1_99' title='bbox 1268 2672 1344 2716; x_wconf 86' lang='lat' dir='ltr'><strong>iuter-</strong></span> 
     </span>
     <span class='ocr_line' id='line_1_17' title="bbox 227 2736 1344 2798; baseline 0.001 -15"><span class='ocrx_word' id='word_1_100' title='bbox 227 2740 388 2795; x_wconf 76' lang='lat' dir='ltr'><strong>potationibus</strong></span> <span class='ocrx_word' id='word_1_101' title='bbox 406 2737 472 2781; x_wconf 84' lang='lat' dir='ltr'><strong>ltalia</strong></span> <span class='ocrx_word' id='word_1_102' title='bbox 490 2738 545 2782; x_wconf 81' lang='lat' dir='ltr'><strong>See.</strong></span> <span class='ocrx_word' id='word_1_103' title='bbox 571 2736 628 2782; x_wconf 76' lang='lat' dir='ltr'><strong>XV.</strong></span> <span class='ocrx_word' id='word_1_104' title='bbox 648 2750 676 2782; x_wconf 85' lang='lat' dir='ltr'><strong>ac</strong></span> <span class='ocrx_word' id='word_1_105' title='bbox 693 2737 856 2781; x_wconf 79' lang='lat' dir='ltr'><strong>recentiorum</strong></span> <span class='ocrx_word' id='word_1_106' title='bbox 874 2736 1018 2780; x_wconf 83' lang='lat' dir='ltr'><strong>coniectaria</strong></span> <span class='ocrx_word' id='word_1_107' title='bbox 1041 2748 1113 2791; x_wconf 83' lang='lat' dir='ltr'><strong>eaepe</strong></span> <span class='ocrx_word' id='word_1_108' title='bbox 1131 2751 1146 2781; x_wconf 88' lang='lat' dir='ltr'><strong>a</strong></span> <span class='ocrx_word' id='word_1_109' title='bbox 1162 2737 1225 2781; x_wconf 80' lang='lat' dir='ltr'><strong>lateo</strong></span> <span class='ocrx_word' id='word_1_110' title='bbox 1245 2741 1344 2798; x_wconf 79' lang='lat' dir='ltr'><strong>elegan-</strong></span> 
     </span>
     <span class='ocr_line' id='line_1_18' title="bbox 226 2803 1343 2864; baseline 0 -12"><span class='ocrx_word' id='word_1_111' title='bbox 226 2809 313 2853; x_wconf 89' lang='lat' dir='ltr'><strong>tiarum</strong></span> <span class='ocrx_word' id='word_1_112' title='bbox 331 2807 409 2851; x_wconf 86' lang='lat' dir='ltr'><strong>atndio</strong></span> <span class='ocrx_word' id='word_1_113' title='bbox 428 2805 558 2864; x_wconf 80' lang='lat' dir='ltr'><strong>profectis;</strong></span> <span class='ocrx_word' id='word_1_114' title='bbox 587 2806 610 2849; x_wconf 87' lang='lat' dir='ltr'><strong>iu</strong></span> <span class='ocrx_word' id='word_1_115' title='bbox 630 2805 777 2849; x_wconf 83' lang='lat' dir='ltr'><strong>diiudicanda</strong></span> <span class='ocrx_word' id='word_1_116' title='bbox 796 2804 889 2860; x_wconf 87' lang='lat' dir='ltr'><strong>reliqua</strong></span> <span class='ocrx_word' id='word_1_117' title='bbox 907 2803 967 2848; x_wconf 78' lang='lat' dir='ltr'><strong>cat.</strong></span> <span class='ocrx_word' id='word_1_118' title='bbox 987 2805 1065 2848; x_wconf 85' lang='lat' dir='ltr'><strong>minua</strong></span> <span class='ocrx_word' id='word_1_119' title='bbox 1084 2805 1283 2861; x_wconf 77' lang='lat' dir='ltr'><strong>interpolatorum</strong></span> <span class='ocrx_word' id='word_1_120' title='bbox 1301 2823 1343 2852; x_wconf 81' lang='lat' dir='ltr'><strong>va-</strong></span> 
     </span>
     <span class='ocr_line' id='line_1_19' title="bbox 225 2868 1343 2928; baseline 0 -8"><span class='ocrx_word' id='word_1_121' title='bbox 225 2879 311 2921; x_wconf 84' lang='lat' dir='ltr'><strong>rietate</strong></span> <span class='ocrx_word' id='word_1_122' title='bbox 339 2881 364 2919; x_wconf 88' lang='lat' dir='ltr'><strong>ut</strong></span> <span class='ocrx_word' id='word_1_123' title='bbox 385 2875 483 2918; x_wconf 79' lang='lat' dir='ltr'><strong>nitidam</strong></span> <span class='ocrx_word' id='word_1_124' title='bbox 503 2887 556 2918; x_wconf 79' lang='lat' dir='ltr'><strong>earn</strong></span> <span class='ocrx_word' id='word_1_125' title='bbox 583 2873 759 2928; x_wconf 79' lang='lat' dir='ltr'><strong>simplicitatem</strong></span> <span class='ocrx_word' id='word_1_126' title='bbox 783 2868 928 2928; x_wconf 82' lang='lat' dir='ltr'><strong>aequantur,</strong></span> <span class='ocrx_word' id='word_1_127' title='bbox 959 2884 1019 2928; x_wconf 84' lang='lat' dir='ltr'><strong>qnae</strong></span> <span class='ocrx_word' id='word_1_128' title='bbox 1040 2871 1109 2920; x_wconf 78' lang='lat' dir='ltr'><strong>huius</strong></span> <span class='ocrx_word' id='word_1_129' title='bbox 1133 2877 1343 2928; x_wconf 67' lang='lat' dir='ltr'><strong>potueruntne</strong></span> 
     </span>
     <span class='ocr_line' id='line_1_20' title="bbox 226 2939 1382 3000; baseline 0.003 -13"><span class='ocrx_word' id='word_1_130' title='bbox 226 2945 324 3000; x_wconf 85' lang='lat' dir='ltr'><strong>propria</strong></span> <span class='ocrx_word' id='word_1_131' title='bbox 348 2948 394 2992; x_wconf 81' lang='lat' dir='ltr'><strong>eet.</strong></span> <span class='ocrx_word' id='word_1_132' title='bbox 444 2942 470 2984; x_wconf 89' lang='lat' dir='ltr'><strong>ln</strong></span> <span class='ocrx_word' id='word_1_133' title='bbox 497 2942 541 2985; x_wconf 86' lang='lat' dir='ltr'><strong>hac</strong></span> <span class='ocrx_word' id='word_1_134' title='bbox 564 2942 636 2999; x_wconf 74' lang='lat' dir='ltr'><strong>igitur</strong></span> <span class='ocrx_word' id='word_1_135' title='bbox 663 2941 765 2994; x_wconf 85' lang='lat' dir='ltr'><strong>repetita</strong></span> <span class='ocrx_word' id='word_1_136' title='bbox 789 2941 893 2984; x_wconf 81' lang='lat' dir='ltr'><strong>editione</strong></span> <span class='ocrx_word' id='word_1_137' title='bbox 917 2939 1094 2986; x_wconf 84' lang='lat' dir='ltr'><strong>Lachmannum</strong></span> <span class='ocrx_word' id='word_1_138' title='bbox 1112 2947 1166 2986; x_wconf 83' lang='lat' dir='ltr'><strong>anta</strong></span> <span class='ocrx_word' id='word_1_139' title='bbox 1184 2957 1268 2988; x_wconf 81' lang='lat' dir='ltr'><strong>omnes</strong></span> <span class='ocrx_word' id='word_1_140' title='bbox 1287 2959 1344 2990; x_wconf 85' lang='lat' dir='ltr'><strong>auru</strong></span> <span class='ocrx_word' id='word_1_141' title='bbox 1377 2950 1382 2956; x_wconf 84' lang='grc'><strong>”</strong></span> 
     </span>
     <span class='ocr_line' id='line_1_21' title="bbox 226 3008 1343 3072; baseline 0.001 -15"><span class='ocrx_word' id='word_1_142' title='bbox 226 3017 335 3065; x_wconf 78' lang='lat' dir='ltr'><strong>secutus,</strong></span> <span class='ocrx_word' id='word_1_143' title='bbox 357 3013 462 3066; x_wconf 75' lang='lat' dir='ltr'><strong>inspecta</strong></span> <span class='ocrx_word' id='word_1_144' title='bbox 482 3010 554 3054; x_wconf 86' lang='lat' dir='ltr'><strong>etiam</strong></span> <span class='ocrx_word' id='word_1_145' title='bbox 570 3023 683 3068; x_wconf 80' lang='lat' dir='ltr'><strong>germana</strong></span> <span class='ocrx_word' id='word_1_146' title='bbox 702 3009 818 3066; x_wconf 72' lang='lat' dir='ltr'><strong>scaligeri</strong></span> <span class='ocrx_word' id='word_1_147' title='bbox 837 3021 894 3072; x_wconf 64' lang='lat' dir='ltr'><strong>eura</strong></span> <span class='ocrx_word' id='word_1_148' title='bbox 913 3008 1035 3064; x_wconf 74' lang='lat' dir='ltr'><strong>(Geretae</strong></span> <span class='ocrx_word' id='word_1_149' title='bbox 1054 3011 1185 3070; x_wconf 48' lang='lat' dir='ltr'><strong>extimebat</strong></span> <span class='ocrx_word' id='word_1_150' title='bbox 1200 3012 1248 3056; x_wconf 87' lang='lat' dir='ltr'><strong>lac.</strong></span> <span class='ocrx_word' id='word_1_151' title='bbox 1268 3014 1343 3058; x_wconf 86' lang='lat' dir='ltr'><strong>Stoer</strong></span> 
     </span>
     <span class='ocr_line' id='line_1_22' title="bbox 228 3073 1341 3137; baseline 0.003 -15"><span class='ocrx_word' id='word_1_152' title='bbox 228 3075 303 3125; x_wconf 77' lang='lat'><strong>1607.</strong></span> <span class='ocrx_word' id='word_1_153' title='bbox 331 3077 385 3136; x_wconf 79' lang='lat'><strong>12.)</strong></span> <span class='ocrx_word' id='word_1_154' title='bbox 404 3084 427 3124; x_wconf 85' lang='lat' dir='ltr'><strong>et</strong></span> <span class='ocrx_word' id='word_1_155' title='bbox 444 3078 547 3133; x_wconf 87' lang='lat' dir='ltr'><strong>Philippi</strong></span> <span class='ocrx_word' id='word_1_156' title='bbox 574 3079 602 3123; x_wconf 85' lang='lat' dir='ltr'><strong>de</strong></span> <span class='ocrx_word' id='word_1_157' title='bbox 621 3073 726 3131; x_wconf 76' lang='lat' dir='ltr'><strong>Gotblry</strong></span> <span class='ocrx_word' id='word_1_158' title='bbox 745 3077 847 3121; x_wconf 80' lang='lat' dir='ltr'><strong>editione</strong></span> <span class='ocrx_word' id='word_1_159' title='bbox 871 3078 951 3132; x_wconf 76' lang='lat' dir='ltr'><strong>Paria.</strong></span> <span class='ocrx_word' id='word_1_160' title='bbox 974 3074 1048 3122; x_wconf 79' lang='lat'><strong>182⁶.</strong></span> <span class='ocrx_word' id='word_1_161' title='bbox 1070 3076 1094 3124; x_wconf 87' lang='lat'><strong>8.</strong></span> <span class='ocrx_word' id='word_1_162' title='bbox 1115 3079 1155 3136; x_wconf 86' lang='lat' dir='ltr'><strong>(u.</strong></span> <span class='ocrx_word' id='word_1_163' title='bbox 1176 3081 1341 3137; x_wconf 85' lang='lat' dir='ltr'><strong>estBaehius,</strong></span> 
     </span>
     <span class='ocr_line' id='line_1_23' title="bbox 226 3145 1322 3208; baseline 0.004 -16"><span class='ocrx_word' id='word_1_164' title='bbox 226 3148 256 3192; x_wconf 88' lang='lat' dir='ltr'><strong>G.</strong></span> <span class='ocrx_word' id='word_1_165' title='bbox 277 3145 397 3202; x_wconf 71' lang='lat' dir='ltr'><strong>Gollrlry,</strong></span> <span class='ocrx_word' id='word_1_166' title='bbox 418 3147 448 3191; x_wconf 87' lang='grc' dir='ltr'><strong>Η.</strong></span> <span class='ocrx_word' id='word_1_167' title='bbox 468 3147 618 3207; x_wconf 82' lang='lat' dir='ltr'><strong>fluanhlius,</strong></span> <span class='ocrx_word' id='word_1_168' title='bbox 636 3145 666 3192; x_wconf 74' lang='lat' dir='ltr'><strong>It·</strong></span> <span class='ocrx_word' id='word_1_169' title='bbox 685 3145 865 3206; x_wconf 83' lang='lat' dir='ltr'><strong>Lachmannna,</strong></span> <span class='ocrx_word' id='word_1_170' title='bbox 886 3148 917 3191; x_wconf 81' lang='lat' dir='ltr'><strong>V.</strong></span> <span class='ocrx_word' id='word_1_171' title='bbox 937 3147 1056 3202; x_wconf 81' lang='lat' dir='ltr'><strong>Voaaiua,</strong></span> <span class='ocrx_word' id='word_1_172' title='bbox 1077 3147 1118 3208; x_wconf 71' lang='lat' dir='ltr'><strong>W.</strong></span> <span class='ocrx_word' id='word_1_173' title='bbox 1140 3149 1322 3207; x_wconf 71' lang='lat' dir='ltr'><strong>Wunder-lieu.)</strong></span> 
     </span>
    </p>
   </div>
   <div class='ocr_carea' id='block_1_7' title="bbox 648 3250 913 3316">
    <p class='ocr_par' dir='ltr' id='par_1_11' title="bbox 648 3250 913 3316">
     <span class='ocr_line' id='line_1_24' title="bbox 648 3250 913 3316; baseline 0 -21"><span class='ocrx_word' id='word_1_174' title='bbox 648 3251 702 3296; x_wconf 64' lang='lat' dir='ltr'><strong>lara.</strong></span> <span class='ocrx_word' id='word_1_175' title='bbox 723 3252 754 3316; x_wconf 32' lang='lat' dir='ltr'><strong>l..</strong></span> <span class='ocrx_word' id='word_1_176' title='bbox 775 3250 871 3296; x_wconf 80' lang='lat' dir='ltr'><strong>ELEG.</strong></span> <span class='ocrx_word' id='word_1_177' title='bbox 891 3252 913 3295; x_wconf 89' lang='grc' dir='ltr'><strong>Ι.</strong></span> 
     </span>
    </p>
   </div>
   <div class='ocr_carea' id='block_1_8' title="bbox 217 3342 1355 4297">
    <p class='ocr_par' dir='ltr' id='par_1_12' title="bbox 223 3342 1355 3541">
     <span class='ocr_line' id='line_1_25' title="bbox 276 3342 1340 3404; baseline 0.003 -11"><span class='ocrx_word' id='word_1_178' title='bbox 276 3350 295 3393; x_wconf 82' lang='grc' dir='ltr'><strong>Α</strong></span> <span class='ocrx_word' id='word_1_179' title='bbox 314 3350 350 3393; x_wconf 85' lang='grc' dir='ltr'><strong>Μ.</strong></span> <span class='ocrx_word' id='word_1_180' title='bbox 370 3348 469 3393; x_wconf 83' lang='lat' dir='ltr'><strong>Valerio</strong></span> <span class='ocrx_word' id='word_1_181' title='bbox 487 3348 608 3402; x_wconf 81' lang='lat' dir='ltr'><strong>Messala,</strong></span> <span class='ocrx_word' id='word_1_182' title='bbox 630 3349 670 3404; x_wconf 84' lang='lat' dir='ltr'><strong>qui</strong></span> <span class='ocrx_word' id='word_1_183' title='bbox 687 3347 777 3396; x_wconf 85' lang='lat' dir='ltr'><strong>Coneul</strong></span> <span class='ocrx_word' id='word_1_184' title='bbox 798 3360 821 3392; x_wconf 90' lang='lat' dir='ltr'><strong>a.</strong></span> <span class='ocrx_word' id='word_1_185' title='bbox 836 3357 860 3391; x_wconf 87' lang='lat' dir='ltr'><strong>n.</strong></span> <span class='ocrx_word' id='word_1_186' title='bbox 882 3342 940 3392; x_wconf 81' lang='lat'><strong>723.</strong></span> <span class='ocrx_word' id='word_1_187' title='bbox 958 3359 1013 3392; x_wconf 87' lang='lat' dir='ltr'><strong>eum</strong></span> <span class='ocrx_word' id='word_1_188' title='bbox 1031 3347 1060 3392; x_wconf 86' lang='lat' dir='ltr'><strong>C.</strong></span> <span class='ocrx_word' id='word_1_189' title='bbox 1080 3348 1184 3395; x_wconf 78' lang='lat' dir='ltr'><strong>Caesare</strong></span> <span class='ocrx_word' id='word_1_190' title='bbox 1205 3348 1340 3396; x_wconf 85' lang='lat' dir='ltr'><strong>Octaviano</strong></span> 
     </span>
     <span class='ocr_line' id='line_1_26' title="bbox 224 3413 1338 3477; baseline 0.004 -15"><span class='ocrx_word' id='word_1_191' title='bbox 224 3421 252 3463; x_wconf 84' lang='lat' dir='ltr'><strong>ad</strong></span> <span class='ocrx_word' id='word_1_192' title='bbox 278 3431 380 3477; x_wconf 73' lang='lat' dir='ltr'><strong>pugnarn</strong></span> <span class='ocrx_word' id='word_1_193' title='bbox 404 3417 523 3462; x_wconf 76' lang='lat' dir='ltr'><strong>Actiacam</strong></span> <span class='ocrx_word' id='word_1_194' title='bbox 540 3413 751 3471; x_wconf 82' lang='lat' dir='ltr'><strong>proficiacebatnr,</strong></span> <span class='ocrx_word' id='word_1_195' title='bbox 779 3416 907 3469; x_wconf 81' lang='lat' dir='ltr'><strong>inritatae,</strong></span> <span class='ocrx_word' id='word_1_196' title='bbox 938 3420 963 3458; x_wconf 86' lang='lat' dir='ltr'><strong>ut</strong></span> <span class='ocrx_word' id='word_1_197' title='bbox 985 3428 1067 3460; x_wconf 82' lang='lat' dir='ltr'><strong>aecum</strong></span> <span class='ocrx_word' id='word_1_198' title='bbox 1085 3417 1237 3474; x_wconf 82' lang='lat' dir='ltr'><strong>rnilitet,.ll</strong></span> <span class='ocrx_word' id='word_1_199' title='bbox 1256 3420 1338 3466; x_wconf 82' lang='lat' dir='ltr'><strong>lacere</strong></span> 
     </span>
     <span class='ocr_line' id='line_1_27' title="bbox 223 3474 1355 3541; baseline -0.002 -11"><span class='ocrx_word' id='word_1_200' title='bbox 223 3491 332 3541; x_wconf 73' lang='lat' dir='ltr'><strong>racumt,</strong></span> <span class='ocrx_word' id='word_1_201' title='bbox 353 3485 500 3531; x_wconf 83' lang='lat' dir='ltr'><strong>neallelin</strong></span> <span class='ocrx_word' id='word_1_202' title='bbox 518 3498 562 3530; x_wconf 85' lang='lat' dir='ltr'><strong>ana</strong></span> <span class='ocrx_word' id='word_1_203' title='bbox 580 3485 684 3530; x_wconf 83' lang='lat' dir='ltr'><strong>recedat.</strong></span> <span class='ocrx_word' id='word_1_204' title='bbox 712 3479 716 3486; x_wconf 82' lang='grc'><strong>“</strong></span> <span class='ocrx_word' id='word_1_205' title='bbox 1302 3474 1305 3478; x_wconf 68' lang='grc'><strong>’</strong></span> <span class='ocrx_word' id='word_1_206' title='bbox 1349 3523 1355 3528; x_wconf 91' lang='grc'>.</span> 
     </span>
    </p>

    <p class='ocr_par' dir='ltr' id='par_1_13' title="bbox 217 3547 1338 4297">
     <span class='ocr_line' id='line_1_28' title="bbox 274 3547 1338 3614; baseline 0.005 -16"><span class='ocrx_word' id='word_1_207' title='bbox 274 3553 300 3604; x_wconf 81' lang='lat'><strong>2.</strong></span> <span class='ocrx_word' id='word_1_208' title='bbox 319 3567 415 3614; x_wconf 84' lang='lat' dir='ltr'><strong>magna</strong></span> <span class='ocrx_word' id='word_1_209' title='bbox 430 3554 490 3600; x_wconf 78' lang='lat' dir='ltr'><strong>cad.</strong></span> <span class='ocrx_word' id='word_1_210' title='bbox 507 3554 565 3610; x_wconf 89' lang='lat' dir='ltr'><strong>aliq.</strong></span> <span class='ocrx_word' id='word_1_211' title='bbox 578 3555 610 3597; x_wconf 84' lang='lat' dir='ltr'><strong>V.</strong></span> <span class='ocrx_word' id='word_1_212' title='bbox 625 3553 669 3608; x_wconf 89' lang='lat' dir='ltr'><strong>B.,</strong></span> <span class='ocrx_word' id='word_1_213' title='bbox 698 3553 783 3610; x_wconf 83' lang='lat' dir='ltr'><strong>quibua</strong></span> <span class='ocrx_word' id='word_1_214' title='bbox 805 3551 882 3611; x_wconf 79' lang='lat' dir='ltr'><strong>magle</strong></span> <span class='ocrx_word' id='word_1_215' title='bbox 902 3553 1022 3606; x_wconf 77' lang='lat' dir='ltr'><strong>poeticum</strong></span> <span class='ocrx_word' id='word_1_216' title='bbox 1045 3547 1178 3598; x_wconf 78' lang='lat' dir='ltr'><strong>videbatur.</strong></span> <span class='ocrx_word' id='word_1_217' title='bbox 1220 3556 1338 3603; x_wconf 74' lang='lat' dir='ltr'><strong>Fortasse</strong></span> 
     </span>
     <span class='ocr_line' id='line_1_29' title="bbox 222 3619 1337 3684; baseline 0.003 -17"><span class='ocrx_word' id='word_1_218' title='bbox 222 3638 250 3667; x_wconf 85' lang='lat' dir='ltr'><strong>eo</strong></span> <span class='ocrx_word' id='word_1_219' title='bbox 272 3624 326 3678; x_wconf 79' lang='lat' dir='ltr'><strong>ipso</strong></span> <span class='ocrx_word' id='word_1_220' title='bbox 353 3623 448 3667; x_wconf 86' lang='lat' dir='ltr'><strong>nomine</strong></span> <span class='ocrx_word' id='word_1_221' title='bbox 470 3623 627 3667; x_wconf 86' lang='lat' dir='ltr'><strong>reiiciendurn</strong></span> <span class='ocrx_word' id='word_1_222' title='bbox 647 3627 708 3666; x_wconf 86' lang='lat' dir='ltr'><strong>erat.</strong></span> <span class='ocrx_word' id='word_1_223' title='bbox 752 3622 864 3666; x_wconf 86' lang='lat' dir='ltr'><strong>Ceterum</strong></span> <span class='ocrx_word' id='word_1_224' title='bbox 889 3619 998 3666; x_wconf 88' lang='lat' dir='ltr'><strong>firmatur</strong></span> <span class='ocrx_word' id='word_1_225' title='bbox 1024 3621 1252 3684; x_wconf 71' lang='lat' dir='ltr'><strong>multaExcerptis</strong></span> <span class='ocrx_word' id='word_1_226' title='bbox 1274 3629 1337 3681; x_wconf 87' lang='lat' dir='ltr'><strong>apud</strong></span> 
     </span>
     <span class='ocr_line' id='line_1_30' title="bbox 220 3685 1335 3746; baseline 0.004 -11"><span class='ocrx_word' id='word_1_227' title='bbox 220 3693 333 3736; x_wconf 78' lang='lat' dir='ltr'><strong>vincent.</strong></span> <span class='ocrx_word' id='word_1_228' title='bbox 346 3690 440 3736; x_wconf 73' lang='lat' dir='ltr'><strong>Bellon.</strong></span> <span class='ocrx_word' id='word_1_229' title='bbox 455 3691 515 3734; x_wconf 79' lang='lat' dir='ltr'><strong>cdd.</strong></span> <span class='ocrx_word' id='word_1_230' title='bbox 526 3691 584 3746; x_wconf 82' lang='lat' dir='ltr'><strong>aliq.</strong></span> <span class='ocrx_word' id='word_1_231' title='bbox 595 3693 619 3733; x_wconf 90' lang='lat' dir='ltr'><strong>ct</strong></span> <span class='ocrx_word' id='word_1_232' title='bbox 631 3689 764 3734; x_wconf 83' lang='lat' dir='ltr'><strong>imitatione</strong></span> <span class='ocrx_word' id='word_1_233' title='bbox 776 3689 882 3732; x_wconf 80' lang='lat' dir='ltr'><strong>Martial.</strong></span> <span class='ocrx_word' id='word_1_234' title='bbox 899 3685 929 3744; x_wconf 86' lang='lat'><strong>1,</strong></span> <span class='ocrx_word' id='word_1_235' title='bbox 950 3687 1009 3736; x_wconf 86' lang='grc'>117.</span> <span class='ocrx_word' id='word_1_236' title='bbox 1030 3695 1054 3734; x_wconf 86' lang='lat' dir='ltr'><strong>et</strong></span> <span class='ocrx_word' id='word_1_237' title='bbox 1071 3689 1169 3734; x_wconf 77' lang='lat' dir='ltr'><strong>Aalhol.</strong></span> <span class='ocrx_word' id='word_1_238' title='bbox 1183 3691 1237 3736; x_wconf 85' lang='lat' dir='ltr'><strong>Lat.</strong></span> <span class='ocrx_word' id='word_1_239' title='bbox 1248 3694 1335 3739; x_wconf 86' lang='lat' dir='ltr'><strong>Burur.</strong></span> 
     </span>
     <span class='ocr_line' id='line_1_31' title="bbox 222 3754 1336 3814; baseline 0.004 -11"><span class='ocrx_word' id='word_1_240' title='bbox 222 3758 251 3814; x_wconf 74' lang='grc'><strong>1,</strong></span> <span class='ocrx_word' id='word_1_241' title='bbox 273 3758 333 3806; x_wconf 80' lang='lat'><strong>225.</strong></span> <span class='ocrx_word' id='word_1_242' title='bbox 369 3757 423 3804; x_wconf 83' lang='lat' dir='ltr'><strong>Hoc</strong></span> <span class='ocrx_word' id='word_1_243' title='bbox 440 3771 529 3803; x_wconf 77' lang='lat' dir='ltr'><strong>nerana</strong></span> <span class='ocrx_word' id='word_1_244' title='bbox 555 3763 657 3800; x_wconf 80' lang='lat' dir='ltr'><strong>aeterno</strong></span> <span class='ocrx_word' id='word_1_245' title='bbox 675 3758 789 3802; x_wconf 79' lang='lat' dir='ltr'><strong>cinerum</strong></span> <span class='ocrx_word' id='word_1_246' title='bbox 807 3756 918 3800; x_wconf 73' lang='lat' dir='ltr'><strong>auctorit</strong></span> <span class='ocrx_word' id='word_1_247' title='bbox 933 3754 1024 3802; x_wconf 77' lang='lat' dir='ltr'><strong>leonori</strong></span> <span class='ocrx_word' id='word_1_248' title='bbox 1040 3756 1149 3802; x_wconf 68' lang='lat' dir='ltr'><strong>lineatur</strong></span> <span class='ocrx_word' id='word_1_249' title='bbox 1166 3765 1191 3803; x_wconf 85' lang='lat' dir='ltr'><strong>at</strong></span> <span class='ocrx_word' id='word_1_250' title='bbox 1215 3762 1282 3806; x_wconf 68' lang='lat' dir='ltr'><strong>culti,</strong></span> <span class='ocrx_word' id='word_1_251' title='bbox 1296 3763 1336 3806; x_wconf 77' lang='lat' dir='ltr'><strong>iu-</strong></span> 
     </span>
     <span class='ocr_line' id='line_1_32' title="bbox 220 3823 1336 3888; baseline 0.004 -17"><span class='ocrx_word' id='word_1_252' title='bbox 220 3840 284 3888; x_wconf 70' lang='lat' dir='ltr'><strong>gero</strong></span> <span class='ocrx_word' id='word_1_253' title='bbox 307 3841 392 3886; x_wconf 78' lang='lat' dir='ltr'><strong>pauco</strong></span> <span class='ocrx_word' id='word_1_254' title='bbox 419 3828 477 3872; x_wconf 78' lang='lat' dir='ltr'><strong>roll.</strong></span> <span class='ocrx_word' id='word_1_255' title='bbox 533 3823 557 3872; x_wconf 75' lang='lat' dir='ltr'><strong>i.</strong></span> <span class='ocrx_word' id='word_1_256' title='bbox 583 3826 641 3884; x_wconf 83' lang='lat' dir='ltr'><strong>quoi</strong></span> <span class='ocrx_word' id='word_1_257' title='bbox 658 3828 689 3871; x_wconf 85' lang='lat' dir='ltr'><strong>V.</strong></span> <span class='ocrx_word' id='word_1_258' title='bbox 710 3845 741 3858; x_wconf 85' lang='lat'><strong>··</strong></span> <span class='ocrx_word' id='word_1_259' title='bbox 760 3826 871 3870; x_wconf 81' lang='lat' dir='ltr'><strong>elnaeicu</strong></span> <span class='ocrx_word' id='word_1_260' title='bbox 886 3826 978 3882; x_wconf 72' lang='lat' dir='ltr'><strong>pillea,</strong></span> <span class='ocrx_word' id='word_1_261' title='bbox 1010 3841 1069 3884; x_wconf 85' lang='lat' dir='ltr'><strong>quae</strong></span> <span class='ocrx_word' id='word_1_262' title='bbox 1088 3829 1185 3882; x_wconf 81' lang='lat' dir='ltr'><strong>proprie</strong></span> <span class='ocrx_word' id='word_1_263' title='bbox 1206 3829 1262 3873; x_wconf 87' lang='lat' dir='ltr'><strong>tuba</strong></span> <span class='ocrx_word' id='word_1_264' title='bbox 1281 3833 1336 3878; x_wconf 87' lang='lat' dir='ltr'><strong>caui</strong></span> 
     </span>
     <span class='ocr_line' id='line_1_33' title="bbox 220 3885 1334 3952; baseline 0.003 -12"><span class='ocrx_word' id='word_1_265' title='bbox 220 3897 316 3950; x_wconf 79' lang='lat' dir='ltr'><strong>nolent,</strong></span> <span class='ocrx_word' id='word_1_266' title='bbox 345 3897 433 3940; x_wconf 83' lang='lat' dir='ltr'><strong>multoe</strong></span> <span class='ocrx_word' id='word_1_267' title='bbox 457 3895 606 3938; x_wconf 80' lang='lat' dir='ltr'><strong>offenderunt</strong></span> <span class='ocrx_word' id='word_1_268' title='bbox 628 3891 686 3951; x_wconf 79' lang='lat' dir='ltr'><strong>(cfr.</strong></span> <span class='ocrx_word' id='word_1_269' title='bbox 712 3895 807 3939; x_wconf 85' lang='lat' dir='ltr'><strong>Nodell.</strong></span> <span class='ocrx_word' id='word_1_270' title='bbox 840 3895 868 3937; x_wconf 82' lang='lat' dir='ltr'><strong>ad</strong></span> <span class='ocrx_word' id='word_1_271' title='bbox 893 3895 980 3939; x_wconf 74' lang='lat' dir='ltr'><strong>Autan.</strong></span> <span class='ocrx_word' id='word_1_272' title='bbox 1003 3908 1026 3950; x_wconf 88' lang='lat' dir='ltr'><strong>p.</strong></span> <span class='ocrx_word' id='word_1_273' title='bbox 1054 3885 1106 3949; x_wconf 79' lang='lat'><strong>7⁰.)</strong></span> <span class='ocrx_word' id='word_1_274' title='bbox 1144 3896 1169 3940; x_wconf 90' lang='lat' dir='ltr'><strong>ln</strong></span> <span class='ocrx_word' id='word_1_275' title='bbox 1189 3899 1259 3952; x_wconf 74' lang='lat' dir='ltr'><strong>pot&#39;ta</strong></span> <span class='ocrx_word' id='word_1_276' title='bbox 1278 3900 1334 3943; x_wconf 86' lang='lat' dir='ltr'><strong>talis</strong></span> 
     </span>
     <span class='ocr_line' id='line_1_34' title="bbox 219 3957 1334 4032; baseline 0.005 -26"><span class='ocrx_word' id='word_1_277' title='bbox 219 3967 297 4008; x_wconf 84' lang='lat' dir='ltr'><strong>tamea</strong></span> <span class='ocrx_word' id='word_1_278' title='bbox 315 3957 511 4032; x_wconf 77' lang='grc' dir='ltr'><em>ἀκυρολογία,</em></span> <span class='ocrx_word' id='word_1_279' title='bbox 541 3976 600 4019; x_wconf 87' lang='lat' dir='ltr'><strong>quae</strong></span> <span class='ocrx_word' id='word_1_280' title='bbox 622 3963 684 4008; x_wconf 81' lang='lat' dir='ltr'><strong>inter</strong></span> <span class='ocrx_word' id='word_1_281' title='bbox 707 3965 783 4009; x_wconf 71' lang='lat' dir='ltr'><strong>iustos</strong></span> <span class='ocrx_word' id='word_1_282' title='bbox 800 3967 884 4018; x_wconf 79' lang='lat' dir='ltr'><strong>tropon</strong></span> <span class='ocrx_word' id='word_1_283' title='bbox 905 3963 951 4008; x_wconf 86' lang='lat' dir='ltr'><strong>rite</strong></span> <span class='ocrx_word' id='word_1_284' title='bbox 972 3963 1059 4009; x_wconf 79' lang='lat' dir='ltr'><strong>reterri</strong></span> <span class='ocrx_word' id='word_1_285' title='bbox 1082 3969 1174 4018; x_wconf 85' lang='lat' dir='ltr'><strong>pateat,</strong></span> <span class='ocrx_word' id='word_1_286' title='bbox 1202 3967 1334 4021; x_wconf 84' lang='lat' dir='ltr'><strong>reprehen-</strong></span> 
     </span>
     <span class='ocr_line' id='line_1_35' title="bbox 219 4028 1333 4091; baseline 0.004 -15"><span class='ocrx_word' id='word_1_287' title='bbox 219 4032 281 4076; x_wconf 84' lang='lat' dir='ltr'><strong>aioui</strong></span> <span class='ocrx_word' id='word_1_288' title='bbox 300 4031 403 4075; x_wconf 80' lang='lat' dir='ltr'><strong>obnoxia</strong></span> <span class='ocrx_word' id='word_1_289' title='bbox 421 4032 482 4075; x_wconf 83' lang='lat' dir='ltr'><strong>haud</strong></span> <span class='ocrx_word' id='word_1_290' title='bbox 501 4035 547 4075; x_wconf 83' lang='lat' dir='ltr'><strong>eat.</strong></span> <span class='ocrx_word' id='word_1_291' title='bbox 594 4028 618 4076; x_wconf 90' lang='lat'><strong>5.</strong></span> <span class='ocrx_word' id='word_1_292' title='bbox 639 4031 702 4076; x_wconf 80' lang='lat' dir='ltr'><strong>Nitit</strong></span> <span class='ocrx_word' id='word_1_293' title='bbox 721 4045 805 4076; x_wconf 88' lang='lat' dir='ltr'><strong>moror</strong></span> <span class='ocrx_word' id='word_1_294' title='bbox 823 4036 987 4087; x_wconf 80' lang='lat' dir='ltr'><strong>paupertatem</strong></span> <span class='ocrx_word' id='word_1_295' title='bbox 1001 4046 1039 4078; x_wconf 81' lang='lat' dir='ltr'><strong>ane</strong></span> <span class='ocrx_word' id='word_1_296' title='bbox 1058 4034 1152 4076; x_wconf 83' lang='lat' dir='ltr'><strong>tradere</strong></span> <span class='ocrx_word' id='word_1_297' title='bbox 1171 4034 1234 4079; x_wconf 81' lang='lat' dir='ltr'><strong>vilae</strong></span> <span class='ocrx_word' id='word_1_298' title='bbox 1250 4037 1333 4091; x_wconf 87' lang='lat' dir='ltr'><strong>inerti,</strong></span> 
     </span>
     <span class='ocr_line' id='line_1_36' title="bbox 218 4098 1333 4158; baseline 0.004 -15"><span class='ocrx_word' id='word_1_299' title='bbox 218 4101 296 4158; x_wconf 77' lang='lat' dir='ltr'><strong>gloria</strong></span> <span class='ocrx_word' id='word_1_300' title='bbox 312 4099 397 4144; x_wconf 82' lang='lat' dir='ltr'><strong>bellica</strong></span> <span class='ocrx_word' id='word_1_301' title='bbox 416 4105 439 4144; x_wconf 89' lang='lat' dir='ltr'><strong>et</strong></span> <span class='ocrx_word' id='word_1_302' title='bbox 464 4100 549 4154; x_wconf 74' lang='lat' dir='ltr'><strong>opibus</strong></span> <span class='ocrx_word' id='word_1_303' title='bbox 567 4101 672 4154; x_wconf 86' lang='lat' dir='ltr'><strong>carenti,</strong></span> <span class='ocrx_word' id='word_1_304' title='bbox 697 4102 825 4144; x_wconf 86' lang='lat' dir='ltr'><strong>dummodo</strong></span> <span class='ocrx_word' id='word_1_305' title='bbox 840 4104 886 4146; x_wconf 84' lang='lat' dir='ltr'><strong>cel.</strong></span> <span class='ocrx_word' id='word_1_306' title='bbox 943 4098 967 4145; x_wconf 83' lang='lat'><strong>6.</strong></span> <span class='ocrx_word' id='word_1_307' title='bbox 986 4099 1091 4146; x_wconf 77' lang='lat' dir='ltr'><strong>aeetduo</strong></span> <span class='ocrx_word' id='word_1_308' title='bbox 1109 4101 1228 4146; x_wconf 83' lang='lat' dir='ltr'><strong>vindicant</strong></span> <span class='ocrx_word' id='word_1_309' title='bbox 1246 4103 1333 4148; x_wconf 82' lang='lat' dir='ltr'><strong>Graan·</strong></span> 
     </span>
     <span class='ocr_line' id='line_1_37' title="bbox 217 4166 1332 4228; baseline 0.004 -16"><span class='ocrx_word' id='word_1_310' title='bbox 217 4167 298 4213; x_wconf 84' lang='lat' dir='ltr'><strong>uratiei</strong></span> <span class='ocrx_word' id='word_1_311' title='bbox 316 4166 395 4212; x_wconf 88' lang='lat' dir='ltr'><strong>Latini</strong></span> <span class='ocrx_word' id='word_1_312' title='bbox 412 4172 469 4214; x_wconf 82' lang='lat' dir='ltr'><strong>velt.</strong></span> <span class='ocrx_word' id='word_1_313' title='bbox 490 4189 522 4201; x_wconf 89' lang='lat'><em>-</em></span> <span class='ocrx_word' id='word_1_314' title='bbox 541 4168 636 4228; x_wconf 74' lang='lat' dir='ltr'><strong>exiguo</strong></span> <span class='ocrx_word' id='word_1_315' title='bbox 654 4168 774 4224; x_wconf 79' lang='lat' dir='ltr'><strong>Excerpta</strong></span> <span class='ocrx_word' id='word_1_316' title='bbox 791 4169 862 4214; x_wconf 81' lang='lat' dir='ltr'><strong>Viuo.</strong></span> <span class='ocrx_word' id='word_1_317' title='bbox 885 4170 916 4214; x_wconf 85' lang='lat' dir='ltr'><strong>V.</strong></span> <span class='ocrx_word' id='word_1_318' title='bbox 931 4170 974 4213; x_wconf 89' lang='lat' dir='ltr'><strong>W.</strong></span> <span class='ocrx_word' id='word_1_319' title='bbox 989 4168 1019 4214; x_wconf 86' lang='lat' dir='ltr'><strong>G.</strong></span> <span class='ocrx_word' id='word_1_320' title='bbox 1057 4170 1083 4214; x_wconf 88' lang='lat' dir='ltr'><strong>ln</strong></span> <span class='ocrx_word' id='word_1_321' title='bbox 1102 4171 1243 4225; x_wconf 83' lang='lat' dir='ltr'><strong>repetitione</strong></span> <span class='ocrx_word' id='word_1_322' title='bbox 1256 4173 1332 4217; x_wconf 79' lang='lat' dir='ltr'><strong>ollan-</strong></span> 
     </span>
     <span class='ocr_line' id='line_1_38' title="bbox 219 4234 1329 4297; baseline 0.004 -16"><span class='ocrx_word' id='word_1_323' title='bbox 219 4238 275 4281; x_wconf 85' lang='lat' dir='ltr'><strong>dere</strong></span> <span class='ocrx_word' id='word_1_324' title='bbox 291 4249 338 4284; x_wconf 87' lang='lat' dir='ltr'><strong>nou</strong></span> <span class='ocrx_word' id='word_1_325' title='bbox 362 4235 484 4280; x_wconf 78' lang='lat' dir='ltr'><strong>debemus.</strong></span> <span class='ocrx_word' id='word_1_326' title='bbox 504 4235 550 4279; x_wconf 87' lang='lat' dir='ltr'><strong>clr.</strong></span> <span class='ocrx_word' id='word_1_327' title='bbox 573 4250 596 4281; x_wconf 84' lang='lat' dir='ltr'><strong>v.</strong></span> <span class='ocrx_word' id='word_1_328' title='bbox 626 4235 650 4283; x_wconf 83' lang='lat'><strong>8.</strong></span> <span class='ocrx_word' id='word_1_329' title='bbox 679 4249 755 4293; x_wconf 81' lang='lat' dir='ltr'><strong>poma</strong></span> <span class='ocrx_word' id='word_1_330' title='bbox 781 4234 872 4285; x_wconf 78' lang='lat' dir='ltr'><strong>v..13.</strong></span> <span class='ocrx_word' id='word_1_331' title='bbox 900 4251 1004 4296; x_wconf 78' lang='lat' dir='ltr'><strong>pomum</strong></span> <span class='ocrx_word' id='word_1_332' title='bbox 1028 4251 1050 4284; x_wconf 80' lang='lat' dir='ltr'><strong>r.</strong></span> <span class='ocrx_word' id='word_1_333' title='bbox 1078 4235 1109 4284; x_wconf 78' lang='lat' dir='ltr'><strong>tl</strong></span> <span class='ocrx_word' id='word_1_334' title='bbox 1133 4239 1247 4297; x_wconf 81' lang='lat' dir='ltr'><strong>pomoeia</strong></span> <span class='ocrx_word' id='word_1_335' title='bbox 1273 4246 1329 4286; x_wconf 87' lang='lat' dir='ltr'><strong>cett.</strong></span> 
     </span>
    </p>
   </div>
   <div class='ocr_carea' id='block_1_9' title="bbox 0 0 1486 4814">
    <p class='ocr_par' dir='ltr' id='par_1_14' title="bbox 0 0 1486 4814">
     <span class='ocr_line' id='line_1_39' title="bbox 0 0 1486 4814; baseline 0 6"><span class='ocrx_word' id='word_1_336' title='bbox 0 0 1486 4814; x_wconf 95' lang='lat' dir='ltr'><strong> </strong></span> 
     </span>
    </p>
   </div>
  </div>
 </body>
</html>
