2964 4814
199 347 239 410 In
262 350 340 410 vada
361 349 528 430 pampinea
551 345 718 424 desiluisse
739 357 829 423 rate,

130 451 182 513 Et
202 447 262 512 tibi
282 469 342 531 per
364 449 496 512 mediam
518 450 598 510 bene
621 447 738 512 olentia
758 445 888 512 flumina
912 447 1055 530 Nason,

200 551 293 614 Unde
314 561 401 612 trurm
424 558 518 630 potat
539 547 645 612 Naxia
666 550 761 610 tstrba
784 567 916 614 merum.
961 604 964 610 .

134 649 280 716 Candida
302 649 416 714 laxatis
440 660 574 713 onerato
597 649 680 711 colla
703 646 866 727 corymbis

202 750 321 835 Cinget
343 735 529 814 Bassaricas
551 749 653 828 Lydis
677 747 767 811 mitra
789 769 910 814 comas.

134 851 239 916 Levis
261 854 398 915 odorato
420 850 533 912 cervix
554 851 694 912 manabit
716 847 817 912 olivo·

201 954 246 1014 Et
267 950 364 1014 feries
384 955 489 1015 nudos
513 961 601 1014 vesle
622 951 739 1014 fluente
761 953 875 1032 pedes.

135 1053 261 1116 Mollia
279 1051 446 1116 Dircaeae
458 1053 627 1133 pulsabunt
648 1063 797 1135 tympana
821 1053 971 1128 Thebae,

204 1153 405 1235 capripedes
425 1154 546 1216 calamo
570 1155 676 1216 Panes
696 1153 804 1216 hiante
826 1165 958 1230 canent,

134 1255 274 1316 Vertice
295 1254 459 1338 turrigero
482 1254 568 1324 iuxta
592 1255 649 1316 dea
672 1272 786 1336 magna
809 1253 945 1332 Cybebe

203 1358 331 1418 Tundet
353 1359 394 1418 ad
415 1355 532 1418 Idaeos
553 1355 698 1434 cymbala
721 1375 818 1416 rarrca
841 1356 971 1422 choros.

135 1465 225 1520 Ante
247 1455 336 1518 iores
359 1455 468 1537 templi
489 1467 632 1518 craterae
656 1453 805 1518 antistitis
828 1473 907 1519 astro

201 1555 354 1618 Libatum
375 1556 513 1618 fundent
530 1556 562 1620 iu
585 1567 636 1618 tua
660 1577 751 1618 sacra
775 1577 909 1621 suerrum.

137 1659 232 1720 Haec
254 1677 316 1740 ego
338 1678 401 1720 uon
424 1655 534 1718 lmmili
555 1657 693 1720 referam
718 1661 919 1720 memoranda
942 1661 1121 1734 cothurno,

204 1758 313 1837 Qualis
337 1757 512 1820 Pindarico
535 1757 666 1838 spiritus
689 1777 747 1822 ore
770 1770 872 1822 tonat.
1216 1755 1265 1821 lu'

138 1859 195 1920 Tu
216 1860 312 1921 modo
335 1858 468 1921 servitio
492 1879 625 1921 vacuum
648 1880 697 1921 me
719 1859 794 1922 siste
816 1863 959 1943 superbo

207 1960 316 2042 Atque
337 1961 401 2024 hoc
422 1960 592 2023 sollicitum
616 1959 706 2024 vince
728 1981 848 2042 sopore
871 1973 981 2043 caput.

308 2146 386 2208 Lm.
409 2145 476 2209 111.
514 2145 693 2210 ELEGIA
714 2146 835 2209 XXII.
859 2146 937 2224 (tv.
961 2147 1096 2224 XXll.)

88 2263 93 2270 '
145 2263 279 2348 Frigida
301 2276 364 2326 tam
386 2266 506 2328 multos
528 2263 648 2348 placuit
669 2265 727 2327 tibi
750 2263 889 2344 Cyzicus
912 2284 1031 2340 annos,

205 2366 318 2442 Tulle,
342 2365 564 2446 Propontiaca
588 2385 649 2448 qua
671 2365 741 2428 lluit
763 2366 904 2429 Isthmos
926 2383 1027 2449 aqua3

137 2467 319 2546 Dindymus
340 2476 372 2529 et
393 2487 504 2530 sacrae
525 2466 681 2529 fabricata
702 2466 835 2530 iuvenca
858 2468 1012 2547 Cybebae

203 2567 422 2652 Raptorisque
444 2567 516 2629 tulit
538 2589 601 2650 qua
623 2566 673 2631 via
696 2567 779 2630 Ditis
804 2588 918 2652 equos.

139 2789 168 2832 ud
190 2786 289 2830 lucret.
309 2784 342 2838 2,
364 2783 424 2830 618.
466 2787 502 2831 Ad
521 2787 581 2831 Cdd.
603 2789 712 2834 ordinem
730 2789 825 2834 rediere
845 2787 894 2832 lac'.
914 2785 960 2832 ut.
1014 2785 1056 2832 3⁶.
1077 2785 1176 2834 Tundet
1193 2791 1259 2835 Saul.

139 2858 201 2901 coni.
222 2855 321 2898 retinuit
337 2853 384 2898 Lu.
405 2875 437 2887 -·
456 2855 505 2900 lac.
525 2869 579 2899 cum
597 2857 657 2902 Cdsl.
670 2854 774 2916 suadet.
831 2853 873 2902 37.
898 2862 1014 2900 craterus
1032 2858 1132 2901 dedier
1150 2859 1212 2903 Cod.
1235 2858 1259 2902 1.
1280 2858 1282 2862 '

138 2927 214 2979 (alius
232 2921 354 2979 cratere.)
372 2923 461 2980 reliqui
474 2929 499 2968 ct
517 2925 588 2981 vulgo
605 2931 706 2984 erotem
719 2923 832 2984 fundent
844 2927 872 2970 de
888 2927 951 2970 roni.
964 2939 1009 2980 pro
1013 2921 1138 2984 fundens.
1153 2951 1186 2962 -
1199 2923 1260 2970 Cru-
1277 2941 1279 2946 ¹

138 2999 177 3036 ter
189 3018 200 3028 ·
219 3017 229 3028 ·
237 2989 332 3050 fundet
349 2992 446 3037 volebat
462 2993 566 3049 Burrn.;
586 2997 627 3038 sed
646 2995 789 3051 Propertius
808 2995 831 3038 in
850 2996 893 3038 luae
912 2996 1054 3050 pentametri
1070 2996 1126 3039 sede
1144 3009 1261 3054 nusquam

137 3061 251 3116 producit
274 3059 390 3114 syllabam
409 3061 527 3114 brevem,
556 3062 602 3106 uisi
620 3063 644 3106 iu
661 3077 733 3108 versu
749 3060 987 3119 fortassespurio'2
1000 3095 1006 3118 ,
1034 3062 1077 3108 sl.
1098 3061 1133 3118 ld,
1156 3063 1197 3110 16.
1216 3061 1261 3122 L.)

139 3127 164 3177 l.
204 3129 285 3172 Meam
306 3129 425 3173 rationem
445 3129 578 3184 probarunt
600 3131 685 3176 lacobs
713 3137 736 3176 et
754 3131 835 3176 lacob.
856 3132 947 3176 Contra
965 3130 1013 3178 Lu.
1032 3135 1117 3176 crater
1136 3134 1261 3178 antistitis

139 3221 149 3232 -
168 3222 179 3233 ·
189 3193 322 3255 suadens,
351 3211 397 3254 qua
421 3201 615 3260 qcnstructione,
647 3200 710 3244 band
738 3201 797 3244 salis
825 3201 944 3259 intelligo.
980 3201 1095 3246 Fortasse
1114 3203 1261 3260 cogitatione

139 3266 298 3320 supplendum
315 3268 383 3310 ratus
403 3261 457 3311 cel:
477 3267 688 3328 „lundeuswerit”

418 3382 474 3430 nu.
493 3382 539 3430 ut.
566 3383 673 3450 ¹siurac.
691 3383 778 3428 uult.
798 3385 851 3440 (tv.
871 3353 968 3439 uuum

211 3467 235 3512 1.
256 3465 363 3528 Cyzicus
386 3469 445 3513 urbs
469 3469 563 3524 Mysiae
586 3471 688 3514 minoris
707 3473 736 3515 ad
753 3471 926 3524 Propontidem
950 3470 973 3512 iu
993 3470 1072 3513 insula
1091 3471 1183 3515 derebus
1202 3485 1260 3526 pon-

139 3539 206 3582 tibus
236 3539 364 3582 eoutiueuti
388 3539 476 3582 iuncta.
549 3535 573 3582 3.
605 3535 764 3603 Δίνδυμος,
793 3530 867 3609 ὅρος
895 3535 1041 3599 Κυζίκου,
1069 3533 1151 3607 ἱερὸν
1178 3533 1262 3602 Ῥέας

138 3605 225 3651 senet.
254 3604 362 3660 Apellen.
390 3605 420 3660 1,
442 3603 502 3652 985.
523 3630 556 3640 -
575 3605 651 3652 Codd.
670 3621 753 3652 omues
772 3608 874 3652 babent:
903 3614 980 3651 saera
997 3602 1132 3663 febricula
1151 3607 1259 3652 inuenta.

135 3677 215 3718 Voss.
241 3673 270 3717 ad
290 3673 379 3717 Catull.
408 3688 433 3729 p.
462 3672 521 3719 161.
550 3677 646 3734 egregie
662 3677 796 3720 emendavit
815 3689 907 3721 sarrae
926 3673 1059 3734 fabricula
1084 3676 1206 3730 iuuenco,
1236 3682 1261 3720 ut

138 3741 284 3796 respiciatur
317 3742 346 3786 ad
367 3744 491 3786 iuvencam
515 3755 694 3798 rrusrmorearn,
727 3745 751 3788 in
767 3745 879 3799 Cybebae
898 3746 1006 3797 sacello,
1027 3746 1089 3801 quod
1108 3749 1159 3788 erat
1175 3745 1199 3788 iu
1218 3759 1260 3788 au·

139 3813 178 3854 lro
201 3809 336 3864 Lobriuae‚
362 3811 451 3854 montis
471 3811 597 3865 Cyziceni,
620 3813 644 3856 iu
663 3827 709 3870 quo
729 3814 832 3870 Magnas
850 3813 924 3856 Matri
943 3817 967 3856 et
981 3811 1057 3856 Attiui
1072 3811 1161 3856 fiebant
1179 3817 1260 3857 tauro-

135 3878 215 3922 bolia.
271 3875 295 3922 l.
315 3879 351 3924 De
369 3879 531 3934 Proserpinae
550 3886 637 3935 raptu,
658 3894 727 3938 quern
746 3883 853 3938 plerique
871 3881 1088 3925 inSlcilisfacturn
1106 3894 1159 3924 esse
1176 3895 1260 3926 narra·
1325 3895 1329 3904 ⁴

138 3948 212 4002 bant,
242 3947 283 3990 alii
305 3949 341 3991 uel
365 3947 393 3992 'iu
420 3946 514 4002 Attica,
546 3949 583 3993 vel
606 3949 629 3991 iu
654 3949 727 3992 Creta
744 3947 843 4004 ‘(Sebol.
866 3951 905 3993 ad.
932 3951 991 3993 lies.
1014 3948 1107 4006 Theos.
1133 3947 1204 4004 913.)
1224 3953 1260 3996 uel

137 4015 202 4071 apud
224 4012 345 4060 Oceanum
360 4015 483 4071 (Orpbeus
495 4017 587 4075 Argon.
612 4011 702 4072 1201.)
718 4019 757 4062 rel
770 4017 831 4074 apud
847 4017 937 4074 Nysam
955 4011 1059 4077 (llyrnu.
1074 4017 1097 4060 iu
1117 4017 1166 4062 Cer
1195 4018 1259 4073 ll.)‚
1326 4023 1334 4030 “

138 4095 198 4128 suos
216 4088 328 4128 unctores
346 4083 370 4128 lu.
391 4085 409 4127 l.
429 4090 525 4129 seculus
544 4091 580 4130 est
600 4085 759 4140 Propertius,
781 4087 820 4144 qui
841 4088 871 4132 ad
889 4085 1022 4139 Cyzicum,
1043 4099 1056 4128 a
1077 4085 1133 4130 love
1158 4087 1261 4131 Proser·

137 4155 208 4209 pinse
226 4153 278 4195 doti
297 4153 390 4206 dalem,
411 4165 465 4196 enm
484 4154 621 4211 relerreut;
639 4155 678 4198 vel
699 4153 832 4212 signifieat,
853 4155 910 4200 illuc
929 4166 1028 4211 usquse
1047 4155 1173 4200 'l'riuacria
1186 4156 1261 4200 Deam
1328 4155 1333 4164 ’

138 4237 152 4265 a
171 4227 270 4278 raptore
289 4221 361 4266 latam
379 4220 464 4266 fuisse.
485 4221 530 4266 ele.
551 4223 657 4269 Creuzer
677 4223 800 4276 symbolik
819 4220 889 4279 t,.p.
911 4219 952 4270 79.
