2964 4814
1190 232 1252 296 193

200 395 276 439 Natus
297 394 319 438 ia
338 394 437 438 Etruria
456 393 610 448 volaterris,
638 363 713 452 eqries
729 393 851 438 Romanus
871 395 986 452 sauguine
1009 399 1032 440 et
1048 391 1163 440 affinitate
1179 375 1250 450 primi

123 483 223 528 ordinis
240 482 300 526 viris
317 482 471 536 coniunctus,
500 484 605 528 decessit
624 483 652 526 ad
675 485 785 525 ocmrum
802 481 942 526 milliarium
963 481 1001 525 via
1021 482 1117 537 Appia,
1138 485 1161 526 ln
1183 495 1251 538 pras·

123 571 176 614 diis
195 572 254 614 suis.
290 569 364 613 Pater
384 570 436 613 eius
457 570 557 614 l'luccue
578 569 693 624 pupillum
714 568 812 624 reliquit
837 569 961 621 moriens,
991 581 1109 613 annorum
1127 569 1179 614 tera
1198 582 1250 614 sex.

123 659 215 701 Fulvia
241 658 351 701 Sisennia
374 661 450 700 irater
473 658 552 711 nupsit
575 662 658 711 postea
681 654 768 708 Fufio,
799 657 872 712 equiti
891 656 1014 701 Romano:
1048 661 1071 712 et
1089 671 1142 702 eum
1158 671 1251 715 quoque
1323 717 1326 724 Ι

123 745 215 788 extulit
230 746 292 788 intra
311 757 398 800 paucos
416 758 500 788 annos.
539 744 635 788 Studuit
650 744 750 788 Flaccus
772 757 845 800 usque
862 745 891 786 ad
910 757 996 787 annum
1015 735 1249 790 Xll.'Volaterris:

123 833 183 876 inde
203 831 292 876 Ronrae
310 833 371 887 apud
388 831 570 889 fflarurnrtieum
588 831 723 876 Rammium
741 831 910 875 Palaemonem
929 835 953 876 et
970 833 1031 886 apud
1052 832 1174 876 rhetorem
1194 833 1251 876 Vir·

122 922 221 979 ginium
239 919 346 964 Flavum.
384 919 463 976 Quom
484 923 550 964 esset
567 931 684 964 annornm
705 918 774 962 ΠΙ.
787 918 900 962 'amicilia
921 919 1000 974 coepit
1021 921 1053 962 uti
1073 919 1164 964 Annaei
1186 919 1252 964 Cor-

124 998 200 1061 riuti,
220 1008 253 1051 ita
270 1012 295 1050 ut
315 1007 345 1050 ab
367 1020 397 1050 eo
422 1019 537 1065 nusquam
558 1007 708 1052 discederet:
734 1019 747 1049 u
767 1019 813 1063 quo
835 1006 945 1050 inductus
963 1006 1112 1065 aliquatenus
1134 1008 1157 1052 in
1174 1007 1251 1063 philo·

124 1095 239 1150 sophiam
254 1100 300 1139 est.
336 1091 383 1138 S'ed
402 1107 459 1138 mox
481 1100 506 1138 ut
523 1108 537 1138 a
557 1094 638 1138 schola
657 1099 681 1138 et
701 1094 822 1152 magistris
841 1093 984 1148 diverterat,
1011 1096 1074 1140 lecto
1097 1096 1160 1140 libro
1181 1095 1252 1141 Luci-

124 1184 153 1227 tii
187 1184 294 1237 decimo,
325 1181 478 1228 vehementer
505 1183 597 1226 Satires
621 1195 765 1236 conrponere
794 1181 897 1226 studuit:
928 1181 995 1224 cuius
1023 1183 1078 1226 libri
1108 1184 1251 1240 principium

123 1272 236 1316 imitatus
254 1276 308 1326 est,
339 1270 384 1314 sihi
403 1271 496 1326 primo,
530 1282 585 1312 snos
607 1269 719 1312 omnibus
738 1270 929 1324 detrectatores,
958 1283 1011 1312 cum
1033 1274 1096 1313 tanta
1120 1273 1252 1316 recentium

122 1362 256 1414 poetarum
278 1363 301 1402 et
326 1333 451 1402 oratorum
475 1357 646 1411 insectatione,
680 1361 705 1399 ut
738 1357 810 1400 etiam
841 1355 963 1401 Neronem
988 1359 1128 1411 culpaverit.
1177 1359 1251 1403 Cuius

122 1458 214 1491 versus
232 1447 255 1489 in
278 1445 400 1490 Neronem
419 1457 491 1501 quom
510 1445 543 1488 ita
565 1457 591 1489 se
618 1443 732 1488 haberet:
761 1441 898 1490 :luriculae
917 1444 987 1489 esini
1003 1441 1076 1488 Mida
1094 1443 1250 1490 resilebat:

123 1536 150 1578 in
174 1535 237 1577 huuc
253 1534 348 1576 modom
367 1547 380 1575 a
399 1533 531 1586 Cornuto,
551 1533 603 1586 ipso
625 1533 730 1575 nondum
748 1536 862 1584 mortuo,
883 1537 921 1576 est
938 1533 1095 1578 emendatus:
1114 1530 1252 1578 Auriculue

124 1620 200 1666 esini
217 1621 334 1680 quianon
353 1618 449 1664 bubali
468 1633 497 1664 ne
508 1619 554 1664 hoc
571 1618 638 1664 Nero
651 1619 675 1663 in
686 1632 712 1663 se
725 1620 813 1663 dictum
826 1619 995 1664 arbitraretur.
1032 1620 1130 1664 Amicos
1143 1617 1251 1666 habuita

122 1711 206 1766 prima
229 1709 388 1753 adolescentia
410 1707 523 1752 Caesium
540 1707 657 1761 Bassum,
682 1709 793 1762 poetam,
812 1712 835 1751 et
851 1707 1009 1762 Calpurnium
1031 1709 1131 1762 Suram,
1160 1709 1199 1767 qui
1222 1723 1250 1754 eo

122 1799 181 1843 rivo
206 1799 297 1842 iuvenis
325 1797 436 1843 decessit.
484 1795 565 1840 Coluit
592 1801 617 1840 ut
637 1801 729 1852 patrem
754 1795 883 1840 Servitium
909 1795 1053 1840 Nonianum.
1090 1798 1139 1842 Per
1156 1797 1250 1842 Cornu-

124 1893 176 1930 tum
208 1885 319 1943 coguovit
349 1884 472 1927 Annaeum
491 1861 572 1928 'etiem
602 1883 744 1936 Lucanum,
780 1897 946 1940 aequaevum,
978 1885 1111 1928 auditorem
1138 1884 1250 1929 Cornuti·

124 1973 190 2018 Nam
211 1971 333 2016 Cornutus
352 1971 394 2014 itlo
414 1975 521 2025 tempore
541 1971 645 2028 tragicus
667 1971 725 2023 fuit,
754 1975 833 2015 sectae
852 1971 962 2032 Stoicae,
985 1973 1025 2029 qui
1048 1972 1124 2016 libros
1144 1973 1251 2028 philoso-

123 2062 198 2117 phiae
218 2059 324 2115 reliquit.
373 2046 420 2101 Sel
434 2057 545 2102 Lucanus
567 2060 626 2102 adeo
644 2057 778 2102 mirabatur
799 2059 888 2113 scripta
910 2059 1008 2112 Placet,
1036 2064 1061 2103 ut
1078 2061 1117 2104 vix
1134 2060 1252 2105 retineret

124 2163 170 2204 se,
198 2148 241 2191 illo
258 2123 388 2200 recitante,
417 2147 555 2190 actamore
577 2142 643 2207 [quin
675 2147 717 2192 illa
747 2160 804 2190 vera
825 2159 878 2190 esse
907 2149 1016 2201 polimata
1035 2145 1145 2205 direrelJ.
1189 2147 1250 2192 Sero

123 2236 239 2294 cognorit
255 2235 388 2289 Senecam,
408 2235 450 2278 sed
469 2246 515 2276 non
532 2239 557 2276 ut
575 2238 701 2287 caperetur
720 2235 771 2278 eius
794 2234 899 2292 ingenio.
937 2234 1001 2278 Usus
1020 2240 1056 2278 est
1077 2237 1137 2290 apud
1156 2236 1249 2278 Cornu-

124 2331 177 2369 tum
199 2324 301 2366 duorum
319 2322 428 2365 convictu
448 2321 643 2364 doctissimorum
662 2325 686 2364 el
711 2322 917 2365 sanctissimorum
943 2323 1067 2377 virorum,
1087 2323 1175 2368 acriter
1202 2329 1250 2367 tum

122 2410 361 2466 philosophantium,
382 2407 477 2452 Claudii
490 2408 642 2466 Agathemeri
655 2439 661 2462 ‚
682 2409 767 2453 medici
777 2409 977 2464 Lacedaemonii,
998 2415 1021 2454 et
1033 2411 1142 2455 Petronii
1155 2411 1251 2456 Aristo·

123 2499 218 2551 cratis,
239 2497 359 2554 Magnetis
366 2527 373 2550 ,
393 2509 453 2552 quos
472 2497 539 2539 unice
552 2496 651 2539 miratus
671 2501 708 2540 est
725 2501 749 2540 et
765 2499 913 2550 remutatus,
934 2511 1006 2554 quom
1026 2500 1138 2555 aequales
1159 2504 1249 2559 essent,

123 2574 148 2631 et
170 2585 272 2629 Cornuti
292 2583 409 2627 minores.
465 2583 518 2638 lpse
543 2584 615 2627 etiam
634 2584 716 2628 decem
737 2585 788 2629 iere
810 2585 878 2630 annis
900 2598 991 2630 summe
1016 2587 1148 2629 dilectura
1174 2585 1249 2631 Paeto

124 2673 237 2718 Thrasea
255 2677 306 2722 est,
335 2673 368 2714 ite
390 2676 415 2714 ut
432 2671 630 2728 peregrinaretur
652 2684 744 2729 quoque
760 2686 813 2716 cum
837 2687 866 2717 co
885 2674 1031 2729 aliquando,
1051 2679 1177 2732 cognatam
1197 2675 1249 2719 eius

124 2763 224 2806 Arriam
247 2773 347 2804 uxorem
375 2759 487 2803 habente.
523 2758 580 2803 Fuit
596 2772 691 2802 morum
711 2760 904 2814 lenissimum,
930 2761 1087 2805 verecundiae
1107 2762 1248 2819 virginalis,

123 2835 218 2893 formae
236 2847 366 2902 pulchrae,
395 2847 490 2902 pietalis
509 2859 566 2905 erga
585 2851 687 2890 matrem
709 2852 733 2891 et
754 2860 865 2892 sororem
886 2852 910 2892 et
930 2849 1028 2892 amitam
1050 2850 1159 2904 exemplo
1183 2847 1251 2894 suffi-

124 2938 221 2983 cientis.
258 2935 314 2980 Fuit
339 2935 403 2992 frugi
425 2940 448 2978 el
470 2935 576 2989 pudicus.
615 2935 722 2992 Reliquit
744 2935 807 2978 circa
827 2936 966 2979 sestertium
983 2937 1057 2981 vicies
1076 2939 1148 2982 matri
1167 2942 1191 2982 et
1209 2951 1250 2982 so·

123 3025 192 3086 rori:
213 3023 309 3080 scriptis
329 3027 405 3066 tamen
429 3023 457 3066 ad
479 3028 581 3066 matrem
599 3023 716 3066 codicillis
735 3023 846 3080 rogavit,
866 3028 892 3066 ut
913 3025 981 3068 deret
996 3024 1104 3069 Cornuto
1127 3027 1248 3081 sestertia,

124 3118 150 3156 et
168 3112 409 3169 quidum,⁴centum,
437 3116 462 3154 ut
480 3110 521 3153 alii
541 3112 639 3163 volunt,
665 3111 737 3165 plus,
770 3115 794 3154 et
812 3111 906 3169 argenti
928 3110 984 3156 iacti
1010 3114 1088 3167 pondo
1112 3113 1195 3172 viginti
1226 3118 1250 3158 et

122 3200 201 3244 tihros
220 3200 284 3244 eirca
307 3199 491 3256 septingentos,
523 3198 573 3242 sire
601 3197 771 3242 bibliothecam
789 3211 856 3242 suam
875 3211 979 3243 omnem.
1016 3201 1108 3244 Verum
1127 3201 1248 3245 Cornutus

122 3287 226 3330 sublatis
245 3286 331 3340 tibris,
352 3286 476 3340 pecuniam
494 3286 574 3330 sorori
589 3290 613 3330 et
630 3289 721 3339 matri,
747 3299 805 3343 quas
824 3286 925 3330 heredes
944 3287 1053 3340 fecerat,
1072 3289 1180 3345 reliquit.
1217 3287 1250 3331 Et

121 3388 182 3420 raro
213 3379 238 3418 et
262 3376 329 3418 tarde
357 3375 463 3429 scripsit.
512 3373 580 3417 lione
598 3373 677 3428 ipsum
703 3374 792 3418 librum
813 3373 980 3430 imperfectum
1003 3375 1109 3431 reliquit.
1155 3377 1248 3418 Versus

121 3463 197 3518 aliqui
211 3462 298 3517 derupti
317 3466 373 3505 sunt
389 3463 474 3506 ultimo
493 3459 565 3513 libri,
585 3464 610 3504 ut
622 3437 689 3517 euasi
708 3458 788 3504 hnitus
804 3465 876 3505 esset.
913 3461 1011 3505 Leviter
1030 3462 1170 3505 retractavit
1183 3461 1248 3504 ¹Cor-

121 3560 208 3603 nutus,
229 3555 253 3592 et
270 3549 358 3592 Caesio
378 3548 455 3592 Basso
482 3549 572 3603 petenti
597 3552 623 3590 ut
648 3549 699 3602 ipse
727 3549 822 3602 ederet,
848 3549 947 3592 tradidit
974 3549 1099 3593 edendum.
1146 3548 1249 3602 Scripsit

121 3638 194 3683 etiam
209 3635 237 3680 'in
255 3636 358 3691 pueritia
375 3636 477 3679 Flaccus
488 3639 659 3690 praetextatam
671 3639 694 3680 et
706 3627 919 3703 Ὁδοιπορικῶν
931 3635 1019 3680 librum
1038 3649 1128 3690 unum,
1149 3639 1173 3680 et
1188 3647 1248 3690 pau·

120 3737 164 3769 cos
185 3723 253 3767 uxori
273 3723 395 3767 Thraseae
411 3723 435 3766 in
453 3722 552 3766 Arriam
573 3727 675 3766 matrem
693 3735 778 3765 versus
789 3753 796 3776 ,
817 3735 876 3778 quae
894 3735 920 3768 se
940 3727 994 3767 ante
1015 3724 1094 3767 virum
1114 3723 1245 3766 occiderat.

120 3811 211 3857 Omnia
229 3816 308 3854 antem
329 3824 356 3854 eu
373 3810 494 3854 Cornutus
511 3814 594 3853 auctor
611 3810 655 3853 luit
680 3809 751 3853 matri
771 3809 822 3853 eius
842 3814 867 3852 ut
884 3810 1001 3854 aboleret.
1039 3809 1136 3853 Editum
1160 3809 1247 3854 librum

120 3899 235 3944 continuo
253 3897 338 3942 mirari
357 3897 465 3940 homiues
484 3901 508 3941 et
524 3896 629 3950 diripera
648 3901 787 3951 coeperunt.
824 3895 933 3940 Decessit
951 3901 1030 3942 autem
1043 3896 1100 3940 vitio
1119 3896 1246 3951 ricimeri,

119 3999 183 4030 anuo
202 3985 286 4029 aetatis
304 3983 416 4028 nstin.
455 3982 595 4043 (integrum
613 3983 713 4027 cerensi
729 3981 809 4028 Iieizii
826 3980 902 4028 huius
921 3983 986 4027 silue
999 3984 1170 4029 recensionem
1180 3997 1246 4029 com-

116 4070 264 4130 pur-undam
281 4084 338 4116 eum
356 4070 540 4115 recentioribus
558 4069 671 4114 Suetonii
688 4069 848 4117 editionibus.
870 4067 933 4128 On.)¹

552 4303 829 4315 ..ιιι-*-
