2952 4826
89 361 170 441 Quid
189 359 248 424 sibi
268 359 401 445 quisque
422 356 517 433 velit,
533 356 656 420 nescire
679 367 710 420 et
731 375 886 440 quaerere
910 374 1053 436 semper,

90 464 284 528 Commetare
300 461 426 536 locum,
451 458 542 545 quasi
565 480 645 524 onus
664 461 827 540 deponere
850 455 965 538 possit.

148 565 221 628 Exit
241 587 334 646 saepe
354 564 445 628 foras
468 561 590 646 magnis
613 583 655 624 ex
675 559 805 624 aedibus
826 558 897 632 ille,

91 669 165 730 Esse
187 667 267 732 domi
289 688 382 751 quem
404 675 629 747 pertaesumst,
654 662 824 746 subitoque
846 673 1010 734 reventat;

93 769 209 851 Quippe
227 769 310 834 soris
332 768 433 832 nihilo
455 767 564 832 melius
585 765 641 852 qui
660 763 773 829 sentiat
792 785 873 826 esse.
1115 762 1200 826 1075

93 870 196 934 Currit
215 894 310 956 agens
332 893 464 934 mannos
487 873 527 933 ad
547 869 658 932 villam
679 865 947 950 praecipitanter,

92 972 244 1036 Auxilium
261 974 353 1037 tectis
377 973 467 1058 qnasi
490 973 577 1036 ferre
596 970 780 1035 ardentibus
802 966 941 1032 instans:

92 1075 207 1140 Oscitat
228 1077 408 1159 extemplo,
432 1074 538 1158 tetigit
556 1095 654 1160 quom
673 1072 782 1136 limina
806 1071 919 1146 villae;

88 1179 148 1240 Aut
169 1176 232 1240 abit
250 1178 284 1241 in
306 1200 451 1242 somnum
472 1177 582 1262 gravis
600 1188 694 1260 atque
718 1173 841 1238 oblivia
861 1173 987 1258 quaerit

89 1281 148 1341 Aut
170 1281 260 1342 etiam
284 1301 465 1363 properans
487 1281 598 1342 urbem
620 1278 700 1359 petit
722 1288 816 1361 atque
839 1275 965 1339 revisit.
1117 1277 1201 1336 1080

143 1384 217 1445 Hoc
239 1405 272 1446 se
295 1382 430 1466 quisque
449 1384 546 1446 modo
568 1378 670 1464 sugit:
696 1389 745 1455 at,
769 1399 862 1463 quem
879 1377 1020 1452 scilicet,
1045 1387 1079 1439 ut
1098 1378 1153 1450 fit,

89 1484 232 1568 Effugere
256 1486 341 1547 haud
361 1483 448 1565 potis
469 1495 532 1559 est,
555 1481 692 1566 ingratis
714 1482 825 1544 haeret
844 1491 875 1542 et
895 1479 980 1554 odit;

89 1588 278 1668 Propterea,
302 1586 410 1650 morbi
434 1585 508 1671 quia
530 1605 670 1647 caussam
695 1604 760 1646 non
783 1592 869 1645 tenet
892 1603 1007 1666 aeger:

89 1687 182 1766 Quam
205 1691 287 1752 benc
307 1689 334 1750 si
355 1687 477 1761 videat,
502 1687 563 1748 iam
584 1688 681 1748 rebus
704 1684 840 1771 quisque
858 1683 980 1748 relictis

88 1791 231 1852 Naturam
252 1789 392 1872 primum
414 1793 537 1852 studeat
557 1809 758 1872 cognoscere
782 1808 907 1860 rerum;
1116 1786 1201 1848 1085

91 1893 253 1972 Temporis
276 1891 398 1955 aeterni
423 1890 592 1976 quoniam,
616 1911 681 1952 non
703 1889 794 1950 unius
811 1890 929 1964 horae,

87 1993 265 2078 Ambigitur
289 1995 405 2069 status,
430 1993 463 2055 in
486 2013 551 2078 quo
578 1992 617 2055 sit
641 1990 830 2054 mortalibus
856 1991 958 2054 otonis

88 2095 178 2158 Aetas
196 2109 272 2178 post
292 2107 442 2169 mortem,
466 2116 547 2179 quae
568 2104 667 2158 restat
688 2113 869 2177 quomque,
891 2095 1090 2156 manendum.

143 2199 289 2283 Denique
313 2208 401 2260 tanto
426 2218 525 2278 opere
547 2195 580 2258 in
603 2194 707 2258 dubiis
726 2193 888 2276 trepidare
909 2193 1044 2278 periclis

87 2299 169 2378 Quae
187 2301 269 2362 mala
294 2319 354 2379 nus
376 2297 498 2382 subigit
521 2297 600 2360 vitai
620 2309 705 2361 tanta
726 2295 869 2378 cupido?
1121 2298 1202 2361 1090

87 2399 177 2464 Certa
199 2405 329 2488 quidem
348 2400 420 2463 finis
443 2399 528 2462 vitae
553 2399 743 2463 mortalibus
769 2411 850 2462 astat

89 2503 152 2566 Nec
171 2502 309 2567 devitari
330 2503 427 2567 letum
451 2512 544 2586 pole,
568 2501 644 2587 quin
664 2505 829 2566 obeamus.

84 2750 181 2796 incerto.
201 2753 259 2797 Sctl.
275 2749 421 2810 distinguere
433 2762 576 2806 possumus:
599 2748 625 2808 1)
643 2750 736 2810 Atque,
756 2748 841 2793 enimc
859 2749 956 2792 incerto
968 2747 1094 2812 fluitans,
1113 2765 1201 2796 errore

85 2822 191 2879 urgeris.
221 2819 249 2878 2)
262 2819 340 2879 Atque
355 2820 562 2876 uuirmoincerto,
578 2819 688 2883 fluitans
700 2831 803 2873 errore,
820 2819 935 2879 eugerio.
966 2816 992 2877 3)
1004 2819 1083 2878 Atque
1096 2821 1195 2876 neimo,

85 2889 171 2934 incerto
183 2890 296 2953 fluitent
311 2903 414 2944 errore,
435 2889 553 2949 vegei-ie.
585 2890 696 2934 incertus
712 2889 741 2933 Β.
781 2885 857 2933 1068.
878 2885 900 2931 Ε
916 2889 977 2933 Cdd.
992 2889 1065 2946 aliq,
1084 2891 1154 2934 etiam
1167 2890 1197 2934 E.

85 2958 145 3003 Bria.
164 2959 197 3004 Et
207 2961 296 3017 reliqui
310 2959 386 3003 Codd.
400 2964 424 3003 11
435 2959 496 3006 Edd.
527 2959 565 3003 lb.
576 2971 729 3018 cognoscere
741 2958 787 3003 Ar.
797 2958 896 3003 P.-ll.
934 2955 1010 3003 1071.
1030 2957 1128 3013 ,Doleo
1141 2973 1201 3014 pun-

86 3033 142 3071 etmn
153 3031 181 3073 ad
193 3043 295 3088 semper
308 3034 331 3074 et
341 3031 412 3087 iunge
424 3043 545 3087 quaerere
557 3030 736 3073 commutare.''
752 3029 830 3074 Bentl.
852 3028 898 3072 Sed
917 3028 950 3070 ita
967 3028 1038 3072 nimis
1057 3029 1135 3072 tenuis
1154 3031 1200 3072 erit

85 3097 145 3151 prior
154 3100 288 3153 sententia,
302 3097 362 3157 quid
371 3097 422 3142 citt
430 3098 533 3157 quisque
543 3097 614 3152 uelit,
628 3097 727 3142 nescire
733 3110 745 3152 ;
764 3111 791 3141 ac
802 3097 879 3142 similo
889 3098 1020 3151 asyndeton
1030 3097 1103 3141 habes
1116 3095 1140 3152 2,
1156 3095 1197 3142 10.

31 3193 33 3197 -
87 3164 154 3211 1011.
174 3169 292 3214 Ultimum
309 3180 364 3212 voc.
384 3168 451 3211 deest
468 3169 492 3210 in
511 3166 571 3214 Cdd.
592 3168 666 3224 utiq,
687 3167 758 3212 etiem
770 3166 801 3211 E.
824 3166 915 3211 Contra
931 3166 961 3211 C.
979 3166 1047 3210 Brix.
1061 3167 1197 3212 vemvem
1218 3201 1220 3204 .

85 3239 186 3282 reuertit.
203 3237 317 3282 itm—H.
329 3242 453 3292 receutut,
474 3237 573 3280 verbum
592 3237 652 3282 elius
671 3237 817 3290 inauditum,
837 3233 964 3284 (111111.
977 3241 1000 3280 11
1012 3237 1052 3280 alii
1065 3237 1122 3292 Pii;
1142 3237 1199 3278 hoc·

85 3318 125 3360 que
141 3308 253 3361 praetulit
272 3307 314 3350 W.
372 3303 449 3354 107⁶.
477 3307 562 3350 uillam
581 3304 621 3349 laic
636 3319 664 3363 p.
691 3307 721 3354 A.
746 3306 776 3350 L.
800 3306 829 3349 ll.
853 3310 937 3349 contra
957 3306 1033 3350 Codd.
1057 3305 1118 3352 Edd.
1139 3303 1205 3348 vett.⁸

86 3371 154 3419 1082.
171 3376 224 3421 odit
241 3376 320 3421 codd.
334 3389 427 3419 ornnes.
441 3376 565 3420 Brimltv.
584 3374 649 3431 (adit
666 3377 726 3420 Ver.
740 3374 814 3429 Vsu.)
836 3375 911 3434 ungit
927 3374 957 3419 ,1.
976 3374 1006 3418 Ι..
1026 3375 1056 3418 ll.
1086 3373 1137 3418 obit
1155 3375 1197 3417 W.

86 3445 235 3494 „coniectore
252 3444 405 3490 indubitabili
423 3470 433 3481 -
451 3472 462 3482 -
481 3445 547 3502 quasi
566 3444 631 3490 obdit
648 3446 764 3501 scriptum
781 3443 874 3489 esset”.
894 3467 927 3477 ·-
946 3445 992 3488 Sed
1012 3457 1132 3500 nunquam
1150 3443 1199 3497 pri-

85 3525 141 3557 mam
158 3515 226 3560 buius
244 3515 313 3558 verbi
333 3513 449 3563 erllubetn
466 3515 577 3570 producit
593 3514 735 3568 Lucretius,
761 3515 855 3570 aliaque
873 3527 974 3568 prorsus
994 3517 1030 3557 eet
1047 3513 1110 3555 ratio
1129 3525 1199 3555 roce-

85 3579 128 3624 buli
145 3583 208 3628 obex
227 3585 272 3640 (ε
293 3580 398 3638 etalem>
422 3586 485 3641 quod
510 3585 552 3628 ille
576 3585 666 3628 trustra
690 3585 712 3628 in
732 3583 845 3627 auxilium
869 3587 946 3630 vocat.
966 3581 1020 3626 odit
1037 3581 1062 3624 b.
1081 3582 1098 3625 l.
1123 3585 1147 3623 ut
1165 3579 1199 3622 ite

86 3649 169 3707 dicem,
194 3654 293 3697 mitiore
312 3653 450 3708 aliquanto,
481 3654 660 3710 quamsolitu,
680 3651 813 3712 significatu
833 3653 991 3705 dictumest,
1021 3650 1197 3704 utupfflorat.

85 3717 125 3773 Ep.
140 3719 167 3776 1,
190 3720 233 3766 tt.
254 3717 296 3766 20.
317 3720 383 3775 odit,
412 3736 474 3780 quae
493 3729 520 3768 tu
534 3721 643 3780 pulcltru
660 3729 746 3779 putas.
781 3721 897 3775 Explica:
919 3719 1044 3777 irnprobut
1061 3732 1104 3771 ee,
1122 3716 1199 3774 pudet

83 3789 191 3850 pigetque
216 3791 290 3835 illum
313 3791 364 3835 eui.
402 3791 438 3834 Ad
466 3805 489 3837 r.
521 3789 609 3836 ltueret
634 3798 715 3837 eutem
743 3793 842 3846 supple,
870 3791 955 3843 circu,
987 3787 1056 3846 upttd
1082 3785 1196 3831 eundem.

88 3853 154 3904 1088.
174 3857 340 3917 menendum}
355 3861 395 3904 Sic
407 3857 444 3908 Π.
461 3859 585 3906 amonendo
598 3861 668 3917 libri,
688 3861 761 3906 etiam
771 3860 800 3904 G.
812 3860 842 3903 E.
856 3866 882 3904 et
893 3860 938 3912 A„
960 3862 1010 3902 tuin
1020 3859 1093 3902 Walt.
1106 3868 1113 3913 ;
1134 3859 1197 3913 quod

87 3931 157 3970 ortum
175 3945 187 3974 e
206 3931 328 3984 scriptura
352 3928 501 3974 inurendum
524 3945 569 3975 nee
593 3933 667 3976 ullum
690 3936 781 3976 rectam
805 3929 1009 3973 constructionem
1033 3927 1145 3971 admittit.
1173 3949 1197 3960 -·

87 3997 201 4043 mutuenda
212 3998 244 4044 L.
258 3999 288 4042 tl.
318 3998 422 4043 Nostrae
441 4004 520 4044 eutem
538 4001 649 4044 lectionis
669 4001 753 4044 eedem
771 4004 808 4043 cst
823 3997 984 4052 constructio,
1005 4011 1065 4054 quae
1078 3992 1211 4050 reperitnr'

86 4060 134 4108 Lib.
149 4065 177 4122 5,
198 4065 241 4113 11.
267 4082 329 4128 quus
344 4067 446 4126 proelia
464 4069 536 4113 nobie
560 4068 637 4128 Atque
651 4068 771 4126 pericula
789 4073 848 4112 eunt
866 4066 979 4127 ingratis
998 4064 1198 4111 insinuandum!

89 4129 156 4179 1001.
176 4133 247 4182 Certe
264 4137 377 4196 equidem
396 4137 425 4182 C.
444 4139 513 4183 Brir.
531 4140 604 4184 Watt.
627 4160 655 4171 -
676 4134 750 4182 Certu
769 4135 881 4196 equidem
899 4137 929 4182 E.
950 4159 982 4172 -
1007 4131 1078 4182 Certe
1100 4134 1197 4195 quidem

87 4200 140 4246 Ver.
153 4207 215 4252 Ven.
234 4228 269 4240 -
286 4203 359 4268 Certe
376 4206 476 4267 quidem
492 4208 606 4260 uir.-·ll.
626 4208 719 4256 Eichst.
747 4207 854 4252 Rursum
872 4207 980 4254 librariis
1000 4205 1121 4264 displicuit
1132 4203 1198 4266 finis

87 4283 167 4328 gruere
186 4275 246 4322 feni.
917 4294 921 4299 ·
