2964 4814
495 362 523 424 E
546 362 580 423 X
603 359 630 424 C
653 361 684 424 U
709 362 738 424 R
761 364 781 424 S
805 363 836 426 U
858 363 880 422 S

357 483 412 538 AD
433 480 608 539 CATULLI
628 479 774 537 cotham
793 479 1023 538 BERENlCES.

193 708 292 778 Quum
313 715 432 780 praeter
454 704 632 772 Foscolum,
668 705 718 778 qui
740 713 841 758 tamen
868 713 1037 777 temporum
1066 706 1252 760 notationem

133 819 263 876 prorsus
281 799 426 874 neglexit,
449 813 536 852 neuio
558 797 654 854 adhuc
675 797 872 870 pulcherrimi
890 797 975 852 istius
997 798 1139 854 carminis
1161 815 1252 870 argu-

134 903 267 968 mentum
292 911 328 946 ex
350 891 587 948 Ptolemaeorum
608 891 733 946 historia
755 891 827 944 satis
848 889 1071 956 dilucidaverit,
1101 889 1179 945 haud
1198 887 1252 945 abs

135 989 285 1042 revisum
307 995 369 1049 est,
403 1000 597 1058 quaecuuque
621 981 658 1036 ad
686 1000 752 1037 rem
779 983 906 1038 maxime
937 983 1068 1049 faciunt,
1104 981 1252 1038 hocloco

133 1097 225 1154 quam
246 1076 423 1133 breuissime
443 1087 568 1150 potero,
590 1093 753 1149 exponere.

191 1169 379 1225 Ptolemaeus
407 1171 497 1244 igitur
517 1169 610 1243 Lagi,
646 1169 709 1236 sive
736 1166 825 1223 Soter
851 1168 1038 1235 (594-28'1.
1060 1186 1088 1222 α.
1110 1167 1195 1236 Chr.)
1216 1185 1253 1224 cx

132 1261 283 1318 Berenice
297 1262 321 1317 I.
337 1261 484 1335 Philippi,
507 1261 635 1316 hominis
651 1259 824 1315 lllaccdonis
843 1262 924 1316 tenui
940 1260 1006 1316 loco
1023 1262 1083 1316 orti
1103 1261 1250 1327 (Pausan.

132 1355 229 1410 Attic.
246 1359 286 1423 7.)
306 1353 395 1409 vidud
417 1356 550 1426 suscepit
569 1355 722 1408 Arsinoen
736 1353 760 1407 Ι.
783 1363 812 1408 ct
825 1353 1024 1408 Ptolemaeum
1037 1353 1076 1408 ΙΙ.
1098 1353 1248 1410 Philadel-

132 1449 243 1522 phum,
259 1449 306 1502 cui
316 1446 480 1512 Berenice,
503 1445 539 1502 ab
555 1465 590 1508 eo
606 1448 684 1500 iuter
699 1445 784 1500 divos
799 1445 910 1511 relata,
932 1463 1056 1520 reguum
1071 1457 1183 1520 epatre
1198 1444 1254 1502 ob·

133 1542 235 1596 tinuit.
269 1539 299 1594 fs
319 1559 392 1594 vero
413 1557 449 1594 ex
468 1540 599 1594 Arsinoe
614 1539 653 1594 11.
674 1538 848 1610 Lysimachi
867 1536 926 1594 lilia
949 1543 1025 1606 (989)
1041 1539 1254 1612 genuitPtole-
1299 1575 1306 1590 .

132 1650 252 1688 maeum
269 1632 322 1687 Ill.
344 1632 530 1707 Euergetcn,
558 1631 787 1703 Lysimachum,
812 1641 841 1686 et
860 1629 1026 1686 Berenicen
1049 1631 1107 1697 ΙΙ.,
1130 1629 1182 1686 sed
1203 1630 1252 1686 illa

132 1724 291 1798 repudiata
306 1725 385 1797 (277)
400 1743 524 1779 uxorem
538 1725 622 1780 duxit
634 1743 772 1780 sororem
783 1725 935 1780 Arsinoen
946 1724 971 1778 I.
994 1724 1254 1798 VenerisZephy-

133 1817 234 1874 ritidis
249 1820 370 1872 nonriue
385 1828 487 1891 postea
504 1817 631 1885 cultam,
654 1820 702 1872 cui
715 1827 790 1872 teste
809 1817 910 1873 Schol.
924 1816 961 1872 ad
973 1817 1128 1873 Theocrit.
1143 1824 1188 1885 17,
1205 1824 1251 1878 30.

134 1909 348 1983 εἰσεποιήσατο
368 1906 438 1973 τοὺς
458 1910 491 1966 ἐκ
505 1913 557 1984 τῆς
569 1895 887 1989 προνέρας’Λρσινόης
899 1914 1105 1986 γεννηθέντας
1116 1909 1244 1976 παῖδας,

144 2004 165 2074 ἡ
188 2004 248 2079 γὰρ
275 1999 390 2076 ἀδελφὴ
414 1999 469 2058 καὶ
499 1999 574 2078 γυνὴ
600 2000 696 2058 αὑτοῦ
723 1998 849 2066 ἄτεκνος
871 2000 1035 2060 ἀπέθανεν.
1073 2002 1115 2058 At
1134 2001 1253 2076 Megas,

134 2093 299 2150 Berenices
313 2094 337 2149 Ι.
360 2105 389 2148 et
402 2094 535 2167 Philippi
554 2093 655 2149 militis
675 2094 752 2150 illius
765 2093 937 2150 lllacedunis
948 2091 1044 2160 lilius,
1065 2094 1254 2168 Philadelphi

135 2187 231 2242 frater
252 2189 405 2252 uterinus,
435 2188 517 2242 circa
539 2205 650 2242 annum
671 2191 744 2252 298,
778 2197 809 2241 ut
830 2204 885 2263 ego
904 2189 1030 2261 opinor,
1059 2193 1127 2256 (507
1145 2205 1255 2248 secun-

136 2279 206 2334 dum
234 2278 578 2353 champollion-Figeac
611 2279 743 2340 Annales
771 2279 834 2340 ¹des
868 2279 995 2354 Lagides
1026 2281 1062 2336 T.
1089 2290 1116 2336 2.
1141 2299 1170 2354 p.
1194 2285 1253 2348 26.)
1306 2353 1308 2360 ¹

135 2373 241 2428 matris
274 2381 338 2426 arte
380 2382 468 2447 atque
511 2370 618 2445 opilius
651 2371 836 2444 Cyrenarum
868 2374 1088 2447 praefecturam
1110 2374 1253 2446 ¹acecpit,

136 2483 226 2540 quam
247 2475 280 2520 ut
299 2465 469 2518 Athenaeus
493 2465 586 2520 refert
603 2471 673 2533 (12,
697 2471 740 2520 12.
761 2484 791 2538 p.
811 2470 876 2523 550.
899 2463 1084 2538 Schweigh.)
1105 2466 1254 2538 quiuqua-

136 2559 220 2633 ginta
238 2574 290 2629 per
306 2575 400 2612 anuos
416 2556 556 2612 obtinuit.
587 2557 616 2611 Is
633 2567 730 2612 autem
744 2576 834 2632 quum
849 2555 1070 2630 aPhiladelpho
1084 2555 1252 2624 defecisset,

136 2668 174 2704 eo
190 2649 310 2704 taudem
330 2649 469 2704 redactus
487 2661 548 2715 est,
571 2660 603 2705 ut
616 2649 653 2704 ad
667 2646 797 2704 finienda
816 2650 988 2705 cumfratre
1006 2650 1170 2704 certamina
1186 2649 1255 2704 uni-

135 2761 202 2798 cam
220 2739 309 2797 liliam
325 2741 493 2798 Berenicen
507 2742 561 2797 111.
584 2742 765 2815 Euergetas,
787 2741 948 2797 Ptolemaei
967 2740 1153 2814 Philadelphi
1171 2738 1252 2807 lilio,

136 2834 349 2908 desponderet.
386 2835 490 2902 (Paus.
509 2835 573 2888 Att.
590 2840 616 2893 7.
638 2835 744 2890 lustin.
760 2837 813 2902 26,
834 2839 873 2901 ὅ.)
913 2833 1035 2889 Mortuo
1054 2844 1151 2888 autem
1166 2833 1254 2906 Maga

137 2933 226 2995 (258,
244 2938 277 2981 ut
293 2927 412 2992 volunt,
439 2926 509 2993 sed,
537 2938 568 2981 ut
584 2927 657 2982 mihi
674 2926 792 2982 videtur
808 2927 886 2995 ala.)
908 2928 970 2982 eius
991 2928 1102 2982 coniux
1120 2926 1252 3000 Apame,

135 3020 279 3076 Antiochi
293 3020 317 3074 1.
337 3019 453 3076 Soteris
470 3017 530 3074 filia
549 3020 658 3090 (Paos.
673 3019 693 3075 l.
711 3019 894 3074 l.1ustin.l.
915 3019 934 3074 l.
956 3021 1006 3094 qui
1027 3019 1254 3087 eandemArsi-

136 3131 216 3167 noeu
238 3112 391 3186 appellat.)
412 3123 444 3167 ut
470 3114 528 3190 iam
555 3112 702 3167 Iustinum
729 3112 901 3179 audiamus,
932 3115 1046 3181 ,iuvita
1072 3131 1104 3168 se
1131 3124 1254 3170 contra-

136 3215 218 3260 ctum
254 3207 477 3260 matrimonium
510 3206 644 3261 solutura
681 3207 783 3272 misit,
819 3207 869 3280 qui
905 3204 942 3259 ad
973 3207 1094 3278 nuptias
1127 3207 1254 3280 virginis

137 3316 321 3372 regnumque
350 3298 540 3367 Cyrenarum
578 3299 763 3354 Demetrium
791 3299 918 3354 fratrem
952 3295 1033 3372 regis
1062 3291 1206 3374 Antigoni
1237 3319 1254 3353 a

136 3385 314 3446 Macedonia
333 3401 539 3457 arcesserent3
562 3392 613 3466 qui
634 3394 746 3464 etipse
766 3390 878 3447 exsilia
896 3390 1058 3446 Ptolemaei
1077 3402 1254 3464 procreatus

136 3493 211 3537 erat.
253 3482 313 3538 S'ed
332 3501 388 3538 nec
411 3483 580 3538 Deuretrius
602 3502 716 3538 suoram
737 3485 816 3539 fecit.
857 3485 960 3558 Itaque
989 3501 1078 3559 quum
1096 3482 1254 3553 --JCyre-

137 3592 193 3628 nas
214 3573 398 3639 advolasset,
420 3573 528 3640 fiducia
552 3575 803 3649 pulchritudiuis,
825 3595 880 3651 qua
904 3577 993 3630 nutris
1016 3575 1132 3648 placere
1153 3575 1254 3630 socrui

135 3676 295 3740 coeperat,
318 3671 418 3723 statim
436 3687 452 3722 a
470 3669 619 3741 principio
632 3667 806 3742 superbus,
830 3671 930 3742 regiae
947 3668 1075 3724 familiae
1095 3663 1255 3721 militibus-

136 3777 193 3834 que
224 3761 371 3832 impotens
402 3770 483 3826 erat3
515 3760 704 3835 studiumque
734 3761 873 3833 placendi
896 3781 912 3816 a
937 3763 1053 3834 virgine
1078 3762 1109 3814 in
1128 3769 1254 3813 matrem

136 3852 316 3907 contulerat.
358 3852 440 3922 Quae
457 3871 508 3907 res
522 3865 659 3928 suspecta
679 3855 807 3926 primum
825 3855 952 3926 uirgini,
975 3854 1044 3908 dein
1058 3849 1254 3925 popularibus

133 3941 338 4018 militibusque
358 3945 455 4000 invisa
476 3946 548 4001 suite
583 3947 683 4021 itaque
705 3947 801 4002 versis
821 3947 954 4001 omniunt
972 3946 1079 4000 auirms
1101 3945 1132 4000 in
1150 3944 1250 4000 Ptole-

134 4037 214 4092 maei
232 4035 441 4112 (Philadelphi)
461 4036 555 4094 lilium
570 4039 779 4113 (Euergeten),
812 4037 938 4094 insidiae
957 4037 1112 4092 Demetrio
1133 4055 1255 4111 compa-

135 4140 263 4196 rantur;
298 4131 346 4186 cui
370 4148 460 4204 quum
488 4133 518 4186 in
540 4131 650 4188 lectuui
674 4149 781 4186 socrus
805 4129 1026 4193 concessisset,
1058 4145 1254 4202 percussores

135 4223 348 4278 immittuntur.
390 4222 451 4280 Sed
472 4223 603 4280 Arsinoe
624 4223 765 4298 (Apame)
789 4221 888 4281 audita
907 4239 980 4277 uoce
1001 4218 1097 4286 filiae,
1120 4219 1253 4276 adfores
