2964 4814
130 386 318 467 Hesperus:
344 377 491 443 adveniet
512 378 619 443 fausto
642 401 712 443 cum
734 377 839 442 sidere
858 375 997 454 coniux,

131 489 224 569 Quae
245 482 307 548 tibi
326 481 498 547 flexanimo
521 493 656 546 mentem
678 482 851 565 perfundat
871 501 980 545 amore

133 586 423 674 Languidulosque
442 596 536 667 paret
557 596 662 648 tecum
686 584 882 668 coniungere
903 603 1034 647 somnos

134 690 239 755 Levia
258 691 461 752 substernens
477 690 614 751 robusto
638 686 771 751 brachia
795 685 895 750 collo.

137 791 268 857 Currite
291 795 440 854 ducentes
459 788 653 864 subtemina,
677 789 815 866 currite,
837 787 913 852 iusi.

199 895 295 960 Nulla
317 897 429 958 domus
450 893 524 956 talis
540 913 676 976 unquam
700 890 845 956 contexit
867 912 1014 956 amores:

138 999 252 1062 Nullus
275 1018 367 1061 amor
388 996 445 1059 tali
466 994 634 1060 coniunxit
655 995 787 1058 foedcre
809 993 962 1070 amantis,

134 1099 248 1182 Qualis
271 1102 360 1163 adest
382 1097 531 1174 Thetidi,
555 1096 658 1183 qualis
676 1096 851 1162 concordia
872 1097 987 1162 Peleo.
1031 1155 1038 1166 .

134 1202 268 1269 Currite
291 1205 440 1265 ducentes
463 1201 655 1277 subtemina,
679 1199 815 1276 currite,
837 1198 914 1268 iusi,

199 1307 359 1370 Nascetur
382 1303 476 1368 vobis
498 1325 615 1386 expers
637 1302 774 1366 terroris
790 1299 955 1378 Achilles,

133 1406 296 1472 Hostibus
318 1407 402 1469 haud
424 1418 537 1490 tergo,
561 1410 616 1470 sed
635 1403 718 1470 sorti
736 1416 870 1487 pectore
893 1415 1009 1468 notus:

133 1509 202 1592 Qui
224 1530 380 1592 persaepe
403 1529 489 1592 vago
511 1507 620 1572 victor
643 1506 815 1571 certamine
836 1529 948 1570 cursus

133 1612 299 1676 Flammea
320 1621 508 1694 praevortet
530 1609 643 1674 celeris
666 1609 805 1692 vestigia
826 1631 955 1674 cervae.

133 1713 270 1780 Currite
294 1717 442 1776 ducentes
464 1710 658 1786 subtemina,
682 1712 818 1788 currite,
841 1711 917 1776 lusi.

199 1818 277 1880 Non
294 1814 342 1879 illi
361 1813 529 1900 quisquam
550 1813 637 1878 bello
662 1835 695 1877 se
716 1815 863 1880 conseret
884 1817 1000 1894 beros,

133 1920 244 2000 Quom
261 1917 402 2002 Phrygii
423 1919 553 1981 Teucro
573 1919 745 1979 manabunt
764 1917 916 2002 sanguine
936 1916 1020 1995 rivi,

132 2021 325 2106 Troicaque
348 2019 498 2084 obsidens
519 2019 701 2104 longinquo
722 2019 849 2084 moenia
868 2019 955 2085 bello

131 2122 268 2188 Periuri
285 2120 420 2204 Pelopis
441 2122 580 2186 vastabit
601 2120 714 2185 tertius
735 2123 843 2186 heres.

131 2225 268 2292 Currite
290 2229 440 2288 ducentes
462 2223 656 2299 subtemina,
681 2222 818 2300 currite,
841 2223 917 2289 susi.

198 2327 291 2391 Illius
312 2327 461 2412 egregias
483 2325 618 2390 virtutes
640 2326 790 2412 claraque
808 2326 895 2390 tacta

129 2433 237 2514 Saepe
259 2430 444 2494 fatebuntur
467 2439 636 2513 gnatorum
658 2425 691 2491 in
708 2427 821 2493 sunere
843 2441 979 2494 matres:

131 2713 185 2753 tota
200 2707 357 2766 Macedonia,
376 2707 480 2765 itemque
498 2720 543 2762 pro
562 2707 689 2752 Thessalia
707 2707 814 2762 ponitur.
834 2720 857 2752 v.
872 2709 947 2752 Voss.
961 2708 990 2752 ad
1003 2707 1071 2766 Virg.
1089 2707 1135 2753 Ge.
1150 2706 1179 2763 1,
1195 2704 1253 2757 327.

129 2790 221 2823 servos
230 2776 307 2821 Codd.
320 2778 420 2834 aliquot.
432 2777 486 2821 binc
497 2779 570 2825 Voss.
585 2779 648 2824 coni.
668 2789 764 2822 serves.
784 2776 835 2822 Sed
845 2790 888 2822 roe
900 2791 960 2836 quoe
973 2779 1041 2822 Snbl.
1059 2778 1157 2824 Astius:
1178 2792 1255 2833 „con-

130 2851 243 2892 struuat:
263 2845 309 2890 ced
326 2858 382 2899 ona,
396 2842 472 2904 saei,
491 2847 588 2891 currite
599 2843 675 2905 suta,
696 2861 759 2906 quue
778 2852 930 2906 sequnntur,
950 2848 1092 2892 subtemina
1109 2847 1254 2896 ducentee.'’

131 2917 242 2972 ineptam
260 2916 320 2960 banc
338 2918 458 2960 rationem
475 2917 563 2960 merito
580 2917 709 2971 reiicieus,
729 2918 851 2973 reposuit:
874 2915 1018 2963 Veridicum
1032 2918 1179 2973 oraculum,
1199 2931 1254 2962 eer-

130 2999 195 3032 cuns
218 2999 281 3044 quae
299 2981 361 3042 suta
384 2991 531 3042 sequuntur.
558 2982 657 3030 Currite
683 3010 716 3021 -
741 2989 783 3032 scd
801 2987 846 3032 boc
865 2987 935 3032 simis
952 2987 1036 3047 friget.
1069 2987 1156 3046 Quidni
1174 2989 1254 3043 potius

131 3061 276 3101 construas:
297 3054 343 3100 sed
359 3067 401 3100 voe
411 3051 473 3113 suci
488 3056 582 3099 currite
601 3055 719 3100 ducentes
737 3057 894 3111 subtemina,
914 3045 982 3116 quue'
995 3058 1096 3113 (accus.)
1113 3063 1255 3117 sequuntur

123 3122 189 3186 satu
207 3122 319 3178 (uom.)?
367 3121 427 3168 332.
442 3125 516 3187 flexo
534 3126 618 3169 animo
636 3127 728 3169 mentia
746 3127 802 3170 aid.
824 3126 900 3170 Ccdd.
924 3128 987 3171 Stat.
1010 3149 1038 3162 -·
1059 3126 1127 3187 Quae
1146 3133 1169 3172 te
1182 3128 1255 3190 flest-
1344 3131 1346 3138 '

131 3198 220 3239 animo
236 3194 327 3239 mentis
345 3193 419 3239 Lacb.
439 3208 506 3249 susp.
537 3195 590 3254 Ego
606 3195 663 3239 nibil
680 3194 827 3240 difficultatis
843 3197 911 3240 video
926 3197 950 3240 iu
966 3197 1031 3255 vulg.
1051 3198 1086 3242 sic
1101 3202 1252 3242 constructa:

130 3278 197 3325 quoe
214 3271 320 3308 mentem
338 3263 384 3307 tibi
397 3261 538 3322 perfundat
554 3279 640 3309 umore
652 3264 814 3327 jlexunim05
837 3266 910 3309 immo
928 3267 987 3310 mibi
1005 3267 1082 3325 magis
1100 3270 1196 3322 poetam
1214 3269 1255 3311 de·

131 3348 189 3380 cere
207 3335 314 3387 ridetur,
345 3347 417 3390 quarn
434 3334 533 3377 Lacbm.
556 3335 671 3390 suspicio.
726 3331 786 3380 3³6.
812 3334 863 3379 Pro
886 3336 999 3380 contexit
1021 3336 1186 3380 Lachmannus
1205 3337 1254 3380 vuit

131 3404 273 3458 connexit,
294 3404 396 3458 invitus,
429 3409 454 3446 nt
472 3404 573 3458 opinor,
605 3404 628 3448 in
647 3405 818 3449 soloecismum
835 3405 951 3449 incidens.
970 3405 1048 3450 Latini
1072 3406 1127 3449 ecit.
1146 3404 1256 3450 dicebaut

131 3473 281 3517 connexuit.
309 3474 411 3518 Videtur
428 3473 492 3516 idem
511 3486 533 3516 v.
551 3475 664 3517 contexit
681 3474 778 3518 duxisse
797 3487 811 3516 a
828 3474 902 3518 verbo
921 3479 1070 3527 contexere,
1091 3475 1192 3530 ideoque
1209 3485 1254 3528 pro

131 3547 249 3597 corrupto
268 3541 397 3598 babuissc;
417 3555 490 3599 quum
507 3543 539 3586 sit
552 3556 565 3584 a
578 3556 602 3586 v.
616 3547 757 3602 contegere.
794 3543 872 3586 Dubia
885 3548 922 3587 est
935 3544 1008 3587 etiam
1017 3542 1167 3588 Schwenckii
1180 3542 1255 3586 inter·

131 3613 255 3668 pretatio:
282 3610 331 3657 Nic
355 3610 399 3655 bnt
420 3609 513 3670 irgend
535 3611 577 3656 ein
594 3609 666 3656 Hune
684 3625 713 3655 eo
731 3609 857 3656 lrerrliclae
875 3611 950 3656 Liebe
967 3611 1122 3665 seriniiiilet,
1151 3624 1195 3666 pro
1214 3610 1254 3654 be·
1284 3663 1289 3668 ,

131 3680 268 3741 kerbergt,
286 3679 417 3725 umwiilbet
432 3683 470 3724 vel
489 3681 568 3726 simile
587 3681 651 3738 quid.
695 3677 833 3726 336-340.
853 3683 946 3726 Desunt
960 3681 984 3725 io
1001 3682 1076 3726 Codd.
1094 3681 1215 3725 nonnullis
1231 3686 1256 3726 ct

131 3751 180 3796 Ed.
191 3765 229 3807 pr.
250 3750 352 3806 Spurios
363 3756 445 3795 censet
454 3751 517 3794 Scal.
555 3747 616 3796 346.
635 3751 687 3794 Pro
702 3751 753 3795 riui
767 3751 1008 3806 codcxstat.teuen,·
1026 3753 1073 3795 duo
1083 3752 1155 3795 item:
1176 3748 1254 3811 Quam

130 3818 246 3880 Phrygia·
262 3826 347 3865 tenero
364 3819 502 3864 manabunt
518 3821 645 3880 sanguiue
665 3819 768 3865 Teucri.
805 3821 852 3864 Sed
867 3821 891 3863 in
906 3821 969 3864 coni.
986 3822 1040 3864 inde
1057 3819 1180 3864 eliciendis
1196 3834 1255 3876 ope·

133 3904 187 3935 ram
202 3890 373 3945 perdiderunt:
398 3903 423 3938 v.
445 3905 467 3934 c.
486 3891 697 3947 tenero-campi,
724 3889 936 3944 Teucro-muri,
962 3889 1060 3943 trunci,
1080 3887 1252 3946 tepidi-rici,

133 3957 265 4020 Phrygiae
276 3985 285 3996 -
298 3965 396 4013 terrae,
417 3973 487 4016 quarn
502 3959 573 4003 Aetio
589 3960 701 4014 probavit
715 3960 817 4003 imitatio
831 3959 900 4018 Virg.
919 3959 942 4003 in
959 3959 1040 4004 Culice
1056 3955 1116 4004 305.
1144 3957 1255 4006 Teucria

132 4043 207 4090 quom
224 4042 319 4090 magno
336 4035 453 4074 manaret
471 4030 598 4088 sanguine
616 4029 701 4076 tatius.
722 4053 756 4063 -
774 4027 852 4090 Quom
870 4026 981 4088 Phrygii
1000 4027 1099 4074 Teucro
1117 4030 1256 4076 manabunt

132 4099 261 4160 sanguine
279 4098 364 4156 campi
381 4099 436 4144 snt.
468 4097 557 4143 Omisit
572 4112 595 4143 v.
612 4099 710 4143 dubium
722 4098 821 4144 Lacbm.
851 4098 912 4142 illibi
933 4112 1025 4144 cuauv.
1043 4111 1149 4144 manure
1171 4101 1255 4145 edam·

132 4183 197 4216 canc
214 4169 300 4214 melius
319 4168 385 4213 coire
403 4169 496 4212 ridetur
514 4167 573 4212 rivi.
629 4165 688 4215 352.
709 4169 744 4212 lta
762 4169 817 4212 att.
839 4165 862 4212 l.
881 4168 957 4213 Doer.
984 4193 1017 4204 -
1043 4183 1101 4214 cum
1118 4168 1146 4212 iu
1163 4169 1254 4215 cisium

131 4251 213 4286 canoa
232 4259 262 4272 -
281 4251 339 4281 cum
356 4237 489 4282 incurvum
505 4250 583 4282 canoa
602 4237 805 4295 stoddenstat.
824 4260 857 4274 ·-·
875 4236 955 4300 Quom
969 4239 1056 4286 cinere
1072 4239 1178 4285 incanae
1187 4238 1252 4284 scal.

132 4329 166 4345 -
184 4321 245 4355 cum
261 4307 369 4354 tremulo
385 4307 493 4354 incentu
510 4307 567 4354 ert.
580 4304 606 4353 2.
