2952 4826
155 359 317 445 Sanguine
342 354 433 421 civili
455 343 529 419 rem¹
543 352 685 419 conflant
708 334 900 437 divitiasque
1163 439 1164 444 γ

156 461 396 544 Conduplicant
413 455 539 533 aridei,
563 459 691 520 caedem
710 458 806 520 caede
827 452 1079 518 accumulantes:

158 565 314 630 Crudeles
336 563 473 646 gaudent
492 559 525 622 in
546 557 633 622 tristi
652 558 764 622 fouere
783 555 895 620 fratris

159 669 202 730 Et
221 663 489 748 consanguineum
513 683 636 726 mensas
660 664 757 724 odere
781 659 969 745 timentque.

221 765 393 833 Consimili
408 755 539 828 ratione
557 766 597 826 ab
620 766 733 828 codem
754 784 847 845 saepe
868 762 985 826 timore

156 873 306 936 Macerat
324 866 466 932 invidia:
491 877 561 930 ante
583 865 696 931 oculos
718 865 817 928 ollum
840 885 908 928 esse
927 874 1107 946 potentem,

157 974 265 1039 Ollum
287 969 485 1053 adspectari,
510 969 599 1032 claro
622 966 678 1053 qui
696 965 817 1030 incedit
839 967 985 1040 honore;

156 1075 241 1157 lpsci
260 1095 294 1137 se
317 1062 513 1136 intenebris
536 1068 627 1134 volvi
649 1090 817 1154 coenoque
838 1079 1028 1153 queruntur.

155 1179 324 1241 Intereunt
346 1172 464 1256 partim
484 1182 658 1238 statuarum
678 1183 710 1234 et
731 1169 870 1235 nominis
891 1191 990 1255 ergo;

156 1283 201 1342 Et
218 1299 313 1360 saepe
337 1297 436 1361 usquc
460 1278 539 1340 adeo
563 1273 678 1338 mortis
695 1271 868 1337 formidine
890 1272 974 1335 vitae

158 1378 308 1462 Percipit
325 1380 480 1442 humanos
499 1376 608 1442 odium
626 1374 770 1461 lucisque
792 1373 964 1450 videndae,

158 1484 203 1548 Ut
223 1480 285 1544 sibi
306 1477 508 1544 consciscant
525 1477 677 1542 maerenti
695 1488 829 1559 pectore
851 1477 966 1550 letu1n3

161 1582 286 1650 Oblitei
304 1583 428 1646 sontem
450 1603 598 1645 curarum
620 1583 705 1644 httnc
727 1601 794 1644 esse
815 1579 982 1658 timorem,

159 1691 258 1751 Hunc
279 1707 398 1750 vexare
419 1687 597 1767 pudorem3
621 1685 705 1747 hunc
724 1681 851 1746 vincula
873 1683 1025 1747 amicitiai

161 1791 344 1871 Rumpere;
365 1799 396 1858 ct
418 1787 450 1851 in
470 1808 589 1850 summa
610 1784 761 1869 pietatem
784 1796 934 1860 evortere
951 1790 1074 1852 suadet.

161 1894 245 1955 Nam
266 1891 329 1954 iam
351 1911 445 1972 saepe
466 1887 613 1953 homines
634 1888 770 1971 patriam
793 1907 952 1975 carosque
974 1901 1122 1973 parentes

161 1994 382 2059 Prodidcrunt
404 1991 505 2056 vitare
529 1991 711 2056 Acherusia
731 1992 850 2074 templa
872 2003 1027 2074 petentes.

161 2099 246 2160 Nam
268 2095 366 2160 veluti
384 2093 495 2178 puerei
516 2095 676 2177 trepidant
697 2106 791 2180 atque
814 2093 920 2161 omnia
942 2095 1045 2160 caecis

163 2201 200 2264 ln
222 2197 363 2262 tenebris
384 2209 541 2273 metuunt,
564 2196 612 2261 sic
630 2219 692 2262 nos
711 2196 745 2260 in
766 2198 836 2260 luce
855 2196 1000 2262 timemus

161 2303 328 2365 Interdum
352 2299 454 2364 nihilo
477 2321 558 2386 quac
578 2311 650 2363 sunt
671 2303 837 2364 metuenda
855 2299 958 2385 magis
980 2322 1075 2387 quam

162 2404 253 2485 Quae
270 2401 383 2486 puerei
401 2401 434 2466 in
456 2401 597 2467 tenebris
616 2401 761 2484 pavitant
779 2404 968 2489 finguntque
990 2403 1112 2467 futura.

161 2509 260 2570 Hunc
280 2505 381 2590 igitur
403 2516 561 2572 terrorem
585 2503 680 2568 animi
700 2507 912 2592 tenebrasque
934 2517 1092 2569 necessest

161 2613 241 2675 Non
258 2607 359 2672 radici
378 2608 456 2672 solis
475 2629 579 2694 neque
597 2607 703 2670 lucida
720 2595 784 2671 tela
806 2605 870 2671 dici

162 2710 362 2787 Discutiunt,
386 2713 442 2774 sed
464 2721 594 2772 naturae
617 2708 740 2790 species
763 2709 923 2795 ratioque.

496 2899 575 2958 Lus.
593 2895 660 2960 Ill.
686 2919 719 2961 v.
735 2898 950 2963 sna—1107.

228 3018 285 3082 Nil
308 3017 409 3102 igitur
431 3039 520 3081 mors
538 3029 601 3094 est,
625 3020 664 3080 ad
684 3040 743 3081 nos
763 3041 864 3104 neque
888 3019 1027 3102 pertinet
1046 3021 1161 3099 hilum,

165 3120 433 3206 Quandoquidem
454 3130 567 3184 natura
589 3119 684 3183 animi
705 3121 851 3186 mortalis
871 3124 1021 3210 habetur.

163 3227 210 3289 Et
230 3223 318 3288 velut
340 3235 410 3288 ante
433 3234 506 3288 acto
530 3221 576 3285 nil
595 3234 742 3305 tempore
764 3223 916 3288 sensimus
936 3225 1045 3310 aegri,

166 3400 202 3414 -
219 3391 330 3423 remoue
342 3379 405 3422 Ven.
424 3382 547 3430 (rernotue
557 3378 587 3422 E.
598 3379 667 3422 Brit.
687 3384 780 3423 remote
797 3378 827 3422 C.
845 3383 869 3423 et
886 3380 927 3422 alii
944 3379 1019 3426 Codd.
1038 3379 1075 3434 5.)
1096 3402 1124 3413 -
1145 3395 1244 3426 recessa
1255 3383 1285 3431 1..

168 3447 211 3495 71.
231 3447 304 3492 caedi
315 3448 344 3490 L.
355 3448 385 3490 ll.
423 3443 465 3491 71.
485 3447 561 3491 Abest
572 3463 585 3492 a
598 3449 659 3492 Cod.
672 3443 709 3494 Π.
724 3461 850 3502 perperam
865 3449 981 3503 probante
997 3450 1070 3492 Walt.
1109 3447 1150 3494 76.
1168 3451 1286 3510 claroque

165 3516 283 3564 incedere
298 3514 391 3560 tenore
406 3517 509 3561 Creeeh.
530 3517 559 3564 ll.
579 3519 649 3562 lectio
668 3517 761 3561 hibrida
780 3518 851 3560 'enata
873 3530 902 3560 ex
919 3517 1029 3561 Lambini
1045 3519 1185 3562 commentis
1202 3521 1285 3566 eluro-

167 3602 214 3648 que
242 3585 353 3630 incendit
376 3583 468 3630 bonore
493 3586 539 3630 Ed.
563 3584 586 3632 1.
611 3589 756 3645 clarumque
782 3585 898 3630 incedere
920 3583 1027 3642 bonor-e,
1056 3586 1101 3631 Ed.
1117 3585 1141 3634 2.
1163 3592 1188 3631 ut
1207 3593 1287 3634 actum

167 3669 242 3717 agens
258 3657 346 3700 iterum
364 3656 497 3699 emendavit
516 3657 686 3702 Creecbianam
702 3659 756 3701 tect.
777 3656 866 3700 Marti.
880 3655 959 3710 Epist.
974 3657 1029 3701 crit.
1043 3671 1097 3716 pag.
1113 3653 1155 3700 sl.
1176 3659 1286 3704 scribens

167 3729 323 3785 claramque.
362 3721 404 3770 80.
424 3723 548 3772 humanos
567 3727 636 3781 (item
660 3726 722 3771 infra
746 3739 768 3770 v.
790 3723 878 3784 842),
901 3731 927 3769 ut
950 3727 1034 3779 {tostae
1056 3727 1229 3784 Francogallici
1248 3730 1287 3773 lea

168 3795 288 3842 omnuim
312 3799 336 3838 et
359 3796 423 3838 iuter
446 3796 594 3840 recentiores
619 3797 692 3840 ltalos
710 3795 828 3840 Foscolns
846 3793 886 3854 gtt‘
903 3795 997 3839 temoni.
1036 3795 1134 3840 Certum
1152 3799 1288 3853 exemplum

170 3872 208 3913 est
226 3867 287 3921 apud
306 3864 422 3908 lustinum
438 3860 485 3918 42,
506 3861 531 3908 3.
556 3867 704 3924 primusque
732 3863 899 3908 humanorum
924 3869 984 3921 poet
1008 3861 1151 3910 Herculem.
1194 3869 1287 3912 Dubius

166 3939 238 3982 locus
253 3943 291 3980 est
305 3934 383 3978 Taciti
396 3932 459 3976 Αιιιι.
476 3930 521 3985 16,
537 3931 578 3979 25.
599 3934 699 3979 audiret
718 3939 822 3978 cennens
839 3945 909 3977 vocer
924 3933 998 3993 quusi
1014 3947 1049 3976 ex
1068 3935 1151 3994 aliquo
1169 3937 1286 3993 nurnine,

167 4019 249 4064 cupra
265 4002 390 4048 ltumnnoe
407 4003 440 4046 al.
460 4000 601 4058 humunoa5
615 4009 640 4048 et
657 4005 681 4048 in
700 4003 825 4048 Ciceronis
842 4003 889 4058 Ep,
904 4004 933 4046 ad
949 4002 1000 4046 att.
1013 3999 1043 4046 16
1053 4035 1060 4057 ,
1078 4001 1120 4059 21,
1135 4003 1160 4050 5.
1177 4012 1242 4051 certa
1258 4019 1288 4052 ex

168 4075 311 4120 auctoritate
330 4073 445 4128 reposui:
472 4085 576 4130 possum
587 4071 667 4133 su'lli,
688 4077 714 4116 ut
730 4069 801 4116 bomo
822 4086 866 4128 pro
886 4077 912 4116 ut
930 4068 1065 4118 durannus.
1114 4071 1158 4120 8l.
1177 4082 1287 4121 avortere

161 4141 249 4206 fundo
267 4141 476 4188 nannenten.
531 4140 573 4188 85.
597 4141 713 4189 Penateie
737 4143 826 4191 Markl.
855 4142 936 4196 „haud
963 4142 1032 4187 dubis
1061 4143 1092 4188 ob
1119 4145 1199 4190 locum
1216 4146 1287 4202 Virg.
1319 4199 1325 4210 .

171 4214 218 4260 Ge.
234 4211 264 4268 2,
279 4209 337 4258 505.
365 4209 415 4256 Hic
432 4211 497 4269 petit
519 4212 633 4258 excidiis
655 4212 740 4258 artem
763 4213 918 4272 iniserosque
937 4211 1070 4262 Penates.''‘
1097 4213 1173 4258 Forb.
1187 4214 1239 4260 Cfr.
1258 4213 1286 4255 de

170 4285 256 4330 eadem
272 4281 411 4326 contusione
427 4281 517 4326 Catulli
532 4283 612 4338 ltpith.
623 4283 676 4329 Pel.
690 4296 713 4327 ι.
730 4277 788 4328 tos.
1282 4269 1288 4280 ’

214 4364 304 4418 netega·
318 4363 374 4405 Post.
389 4363 432 4404 tat.
1021 4363 1040 4424 3
