2948 4820
150 330 283 413 Qualem
308 330 467 395 llouutlco
490 329 628 410 Pylades
650 339 798 412 spectare
820 331 947 396 theatro

213 434 438 514 Melpomenes
460 444 584 496 sectans
608 431 685 494 scita
710 436 886 516 rriodosque
909 434 1015 510 dedit,

149 536 281 603 Diceret
302 534 433 598 abiectis
456 535 536 599 odiis
558 534 670 618 regina
691 538 847 598 deorum:

215 637 385 716 Mentiris,
409 658 497 701 meus
519 637 676 700 hictibus
698 649 763 715 est,
794 638 949 702 Semele·

680 823 739 888 tt.

151 962 206 1026 Ad
228 962 371 1025 Romanu
395 959 468 1022 tulit
491 959 612 1023 Thebis
635 980 731 1041 quom
754 959 877 1042 pulpita
900 961 1063 1038 Bacchas,

208 1063 367 1144 ‘Induerat
390 1063 529 1141 Pylades
552 1063 651 1123 corde
675 1062 847 1146 habituque
870 1065 983 1128 deutur
1142 1053 1145 1060 ⁴

131 1165 261 1242 ¹Minta
284 1161 345 1225 luit
366 1163 489 1244 trepida
512 1183 582 1224 eum
605 1161 762 1247 religione
785 1163 954 1244 voluptas,

195 1266 283 1330 Urbs
307 1285 402 1347 quom
425 1274 493 1327 tota
515 1284 609 1328 sacro
631 1265 724 1346 plena
746 1264 860 1328 lurore
881 1265 983 1328 soret.

153 1366 234 1451 Igne
255 1376 357 1428 satum
381 1367 513 1430 Thebae
534 1376 672 1429 noronte
696 1365 841 1429 caelestis
862 1377 894 1430 at
915 1366 969 1430 ille
992 1377 1059 1444 est,

217 1469 386 1532 Facundae
408 1467 536 1548 pariunt
558 1488 653 1552 quem
674 1465 743 1531 sine
764 1487 847 1532 voce
870 1487 993 1533 mantes.

685 1652 739 1716 ta.

155 1791 264 1875 Virgo
287 1790 379 1854 iidem
403 1791 679 1884 quotiespleetro
702 1789 859 1872 percussit
881 1793 1027 1868 eburno,

218 1893 457 1975 Terpsichorae
479 1894 540 1956 filis
563 1895 682 1956 aemttla
705 1892 756 1955 lila
781 1904 909 1966 movet3

155 1994 195 2058 In
218 1994 362 2078 tragicos
383 1997 492 2058 eadem
515 2016 626 2060 vocem
650 1995 677 2058 si
699 1995 806 2059 solvat
827 1993 954 2070 hiatus,

220 2100 296 2160 Non
318 2095 344 2159 it
365 2097 594 2180 Melpomenae
617 2095 719 2162 maior
741 2099 782 2160 ab
804 2117 864 2162 ore
885 2117 998 2162 sonus.

158 2199 257 2280 Quod
278 2197 306 2260 si
327 2200 365 2262 de
386 2199 492 2262 lornia
512 2197 632 2261 fuerint
653 2199 846 2275 certamina,
871 2196 977 2262 vincet

125 2333 127 2340 ·
220 2302 264 2364 Et
285 2301 462 2376 Venerem,
486 2299 582 2364 iudex
605 2300 646 2363 sit
668 2299 741 2363 licet
762 2299 830 2382 ipse
852 2301 959 2365 Parls.

158 2404 223 2467 Sed
244 2401 378 2464 tacuisse
401 2400 475 2465 mihi
498 2402 628 2480 melius,
654 2423 711 2479 ne,
735 2400 764 2464 si
785 2401 891 2466 audiat
912 2403 1025 2482 Euan,

223 2504 365 2570 Rursum
388 2501 572 2570 Ariadneos
595 2515 725 2588 appetat
747 2503 816 2588 ipse
839 2515 944 2570 turos.

692 2690 746 2754 ld.

160 2829 226 2912 Qui
247 2830 358 2894 canitis
381 2840 519 2912 topper,
543 2829 599 2912 quii
620 2830 750 2903 betere,
775 2825 893 2912 qttique
916 2845 1065 2902 ceruses,

225 2934 325 2994 Vates
346 2931 489 3014 impliciti
511 2931 672 3006 sentibus,
696 2929 739 2993 ite
762 2930 890 3010 procul.

160 3036 204 3100 El
228 3054 363 3116 quorum
388 3034 472 3096 tenui
494 3037 609 3095 sudans
633 3033 662 3094 in
686 3030 823 3092 caroniae
846 3051 924 3093 cura

225 3137 277 3198 Ex
301 3135 399 3198 sacris
422 3137 507 3198 solas
529 3135 672 3196 lontibus
695 3134 798 3195 hatuit
820 3135 929 3215 anetus.

160 3237 226 3301 Ista
250 3236 314 3298 dics
338 3235 446 3318 agitur
469 3235 588 3299 Flacco
613 3255 792 3317 magnoque
815 3233 949 3297 Maroni

226 3340 302 3402 Non
324 3351 407 3402 antrat
428 3338 480 3402 bie
503 3348 624 3414 crater,
649 3336 737 3420 queis
760 3338 846 3399 levat
868 3337 950 3398 unda
971 3333 1067 3398 sitien.

696 3527 763 3605 ll.v

162 3689 292 3768 Septem
314 3684 396 3750 lama
419 3684 542 3766 sophos
564 3681 720 3744 celebrat.
765 3677 944 3745 Cleobulus
966 3673 997 3738 in
1019 3672 1082 3737 illis

228 3787 363 3851 Lindius
385 3796 446 3851 est.
492 3786 626 3866 Ephyre
649 3793 702 3856 te,
728 3779 923 3854 Periandro,
949 3776 1047 3842 dedit.

162 3892 307 3967 Pittaco,
333 3901 364 3953 te
388 3887 497 3974 genuit
519 3887 700 3968 Mitylenae
726 3884 837 3948 Bianta
862 3883 1000 3944 Priene:

230 3993 364 4056 Miletos
386 3989 465 4054 iuris
487 3993 591 4054 robur
615 4009 756 4070 opesque
779 3983 923 4055 Thalen,

168 4096 336 4160 Chilonem
361 4095 476 4175 Sparte
499 4091 602 4154 dedita
628 4091 735 4153 Attica
758 4099 841 4149 terra
867 4085 1036 4154 Soloncm;

232 4196 324 4277 Quos
346 4197 485 4277 prudens
508 4192 648 4276 gravitas
672 4203 719 4254 est
740 4186 892 4266 comitata
916 4185 1018 4248 viros.
1102 4278 1107 4282 -
1164 4244 1166 4253 ,
