2948 4820
144 478 294 542 Lesbidis
317 478 457 542 Erinnae
481 501 544 544 non
568 503 683 564 magna
707 481 807 557 mole,
841 484 897 546 sed
920 481 1023 546 onmis

209 581 371 645 Pieridum
395 583 520 646 redolet
542 584 645 645 dulcia
668 583 760 645 mella
782 584 897 646 luvris:

146 685 240 746 Haud
264 683 334 763 plus
358 694 551 746 tercentum
574 705 655 768 quae
677 684 827 746 versibus
846 695 964 768 ¹aequat
986 687 1175 763 Homerum,

209 787 324 848 Annos
346 796 417 847 nata
440 788 547 848 decem
571 786 664 870 virgo
687 808 849 868 superque
871 808 1008 862 novem3

146 889 216 950 Nec
239 899 340 948 tamen
364 885 483 950 interea
505 908 586 970 quae
610 900 747 970 poscunt
769 888 835 950 otia
857 889 983 952 Musae

210 988 278 1050 Aut
300 988 391 1051 colus
413 999 466 1050 arrt
488 990 591 1064 telae,
617 1000 715 1052 rnatrc
738 1001 919 1072 premente,
943 992 1073 1056 dabant.

146 1089 182 1153 si
203 1088 310 1170 cupis,
334 1089 485 1152 Erinnam
509 1091 643 1172 Sappho
667 1091 821 1155 testudine
846 1090 973 1168 vincat,
1031 1083 1035 1090 ’

209 1192 295 1256 Dum
318 1203 422 1254 tamen
443 1191 583 1256 Erinnae
605 1195 697 1257 cedat
718 1193 750 1256 in
772 1193 979 1257 hexametris.

682 1331 738 1396 33.

145 1451 234 1517 Urbs
256 1450 405 1532 proavita
428 1449 502 1514 mihi
525 1453 660 1532 Sardes,
681 1451 707 1516 si
730 1463 838 1516 vester
860 1451 1002 1514 alumnus

210 1553 421 1628 Mansissem,
444 1556 544 1635 spado
566 1576 666 1631 ratane,
690 1557 729 1618 ad
751 1557 926 1634 cyathosve
948 1555 1053 1617 forem

145 1655 305 1730 Arctatus,
331 1654 475 1738 quatiens
497 1678 576 1718 cava
599 1668 768 1738 tympana:
795 1679 910 1720 nomeu
933 1668 965 1718 at
987 1657 1125 1724 Alcman

209 1759 302 1819 Nunc
325 1756 418 1834 mihi,
443 1779 554 1842 meque
577 1781 665 1821 suum
690 1761 806 1840 Sparta
829 1761 920 1820 beata
943 1768 1058 1835 vocat,

144 1862 285 1940 Sumque
309 1859 552 1923 Heliconiadum
575 1863 661 1923 dono
684 1871 864 1941 praestante
889 1871 1025 1939 tyranno

209 1960 341 2041 Maior,
366 1960 433 2025 sive
454 1961 506 2025 ille
529 1973 577 2026 est
597 1962 737 2041 Dascyla
761 1961 829 2026 sive
852 1963 977 2046 Gyges.

679 2102 735 2165 dl.

147 2222 197 2284 Ne
220 2241 298 2284 saxo
322 2220 432 2286 metire
454 2220 578 2298 virum3
602 2222 628 2286 si
650 2223 713 2287 vile
735 2223 939 2306 sepulchrum

210 2322 362 2404 Aspicis,
388 2334 420 2385 at
443 2324 549 2407 magui
572 2323 652 2387 vatis
675 2325 706 2388 id
728 2347 800 2389 osse
822 2325 914 2410 tegit.

146 2425 281 2488 Alcman
304 2445 418 2488 nomen
441 2427 554 2501 habet,
577 2425 728 2489 citharam
751 2430 877 2509 pulsare
901 2429 1080 2490 Lacaenam

208 2524 358 2606 Optimus
380 2538 412 2589 et
434 2527 540 2590 Musis
565 2529 689 2591 additus
711 2529 779 2610 ipse
803 2550 932 2592 novem.

146 2627 316 2692 Certamen
339 2627 433 2690 terris
455 2629 608 2713 geminis,
633 2652 671 2692 an
695 2629 822 2712 origine
845 2632 957 2710 Lydus

208 2729 262 2792 An
285 2732 394 2806 Lac03
418 2751 482 2794 uon
504 2731 639 2814 simplex
661 2731 785 2796 vatihus
808 2743 857 2794 est
879 2731 998 2814 patria.
1096 2743 1099 2752 ‘

681 2871 735 2934 35.

146 2990 266 3068 lbycc,
290 2989 328 3049 ad
349 2986 499 3050 incultum
520 3010 606 3072 quos
629 2993 762 3053 claruerat
785 2989 884 3052 insula
907 2988 1009 3066 littus,
1105 2972 1109 2977 ¹

211 3092 391 3153 Praedones
414 3092 526 3153 mortis
549 3112 643 3152 causa
665 3091 755 3153 fuere
776 3091 853 3171 tihi,

148 3191 313 3255 Clamares
336 3213 431 3274 quom
454 3213 548 3273 saepe
572 3214 667 3275 grues
690 3193 747 3256 tibi
769 3194 857 3256 lorte
884 3194 1049 3268 volantes;

211 3295 352 3374 Namque
376 3293 456 3356 alins
478 3304 575 3356 testes
601 3316 686 3357 mors
709 3307 760 3357 tua
783 3317 846 3358 nou
870 3296 992 3357 habuit.

146 3397 216 3457 Nec
238 3405 291 3456 tua
316 3417 382 3457 vox
404 3395 515 3475 periit:
539 3395 692 3478 siquidem
715 3395 937 3478 clangentibus
960 3396 1022 3458 illis

210 3496 283 3560 Ulta
307 3506 389 3557 tuam
413 3507 558 3577 postest
581 3497 711 3562 horrida
734 3518 837 3578 poena
860 3518 996 3571 necem,

147 3598 294 3678 Sisyphia
318 3599 446 3660 tellure.
491 3598 572 3677 Quis
595 3619 615 3662 o
638 3599 733 3662 surm·
754 3598 830 3674 iste,
862 3599 1023 3672 latrones,

210 3704 398 3764 Sanctorum
422 3703 510 3784 quod
533 3721 593 3764 vos
616 3722 679 3764 nou
702 3712 810 3763 movet
832 3700 878 3763 ira
901 3700 1018 3768 deum?

148 3801 241 3866 Vatis
264 3814 295 3864 et
318 3801 492 3886 Aegisthus
515 3801 662 3864 foedatus
685 3801 837 3886 sanguine
859 3804 1005 3864 dextram

210 3905 366 3989 Effugere
388 3903 600 3968 Eumenidum
623 3903 741 3966 lumina
765 3925 829 3968 uon
850 3905 972 3988 potuit.

683 4043 738 4106 36.
789 4063 822 4076 ··

148 4161 296 4226 Sedecics
319 4124 419 4229 alanos
440 4174 514 4245 post
537 4165 677 4247 quinque
699 4164 859 4229 Simonide
882 4175 1015 4230 cunctos

208 4271 392 4350 Exsuperat
415 4267 548 4332 memori
571 4278 673 4332 meme
696 4267 932 4358 Leoprepides.
