2946 4816
398 383 495 447 LXI.
532 379 712 448 Eiuadenm
748 377 810 466 (L.
832 384 865 450 5.
886 382 958 467 69.)

12 479 13 488 ¹
119 490 262 570 Antoni,
287 491 409 557 Phario
431 493 474 557 nil
498 495 663 559 obiecture
686 495 847 574 Pothino,

124 609 127 616 '
180 597 223 658 Et
246 595 348 658 levius
371 595 478 659 tabula
500 618 593 680 quiam
616 595 777 662 Cicerone
798 617 940 664 noeenst

116 697 199 777 Quid
223 697 361 785 gladium
384 699 511 760 demens
535 701 681 763 Romana
702 698 835 786 stringis
856 700 889 766 in
910 693 994 766 ora?

179 801 254 863 Hoc
277 799 452 862 admisisset
474 822 534 864 nee
555 799 691 866 Catilina
714 803 817 867 netas.

116 899 237 983 Impius
258 901 389 966 infande
411 901 501 966 miles
522 902 742 986 corrrtmpitur
763 925 844 970 auro

178 1005 221 1065 Et
244 1003 338 1067 tantis
361 1003 477 1086 opibus
500 1026 567 1068 vox
590 1015 674 1069 tacet
696 1027 756 1070 tuna
780 1006 851 1072 tibi.

115 1103 198 1185 Quid
221 1115 357 1186 prosunt
377 1127 487 1169 sacrae
508 1107 650 1189 pretiosa
672 1107 800 1174 silentia
816 1107 973 1195 linguae?

177 1207 336 1290 incipient
358 1231 466 1274 omnes
489 1232 551 1293 pro
574 1211 735 1275 Cicerone
757 1211 860 1298 loqui.

389 1368 506 1434 LXII.
538 1366 717 1434 Eiusdem.
752 1367 810 1449 (L.
834 1371 866 1434 l.
889 1368 960 1451 36.)

112 1477 168 1554 Si,
192 1478 341 1556 Lucane,-
366 1478 442 1556 tibi,
467 1480 519 1544 vel
542 1479 568 1542 si
590 1478 666 1557 tibi,
692 1480 804 1558 Tulle,
829 1483 997 1562 daremttr,

177 1581 288 1660 Qualia
311 1578 434 1644 Ledaei
454 1580 519 1645 lata
541 1581 692 1645 Laeomm
713 1583 850 1660 habent,

111 1683 239 1746 Nobilis
263 1683 342 1746 haee
364 1693 448 1747 esset
461 1671 596 1768 ¹pietatis
617 1681 691 1759 rixa
713 1687 859 1762 dnobus,

175 1785 272 1864 Quod
293 1804 354 1865 pro
375 1782 477 1848 fratre
500 1781 583 1848 mori
605 1786 702 1850 vellet
725 1798 859 1871 neterque
880 1785 985 1871 prior.

110 1883 242 1949 Diceret
264 1886 403 1949 infernas
426 1881 457 1948 et
479 1885 535 1969 qui
556 1885 650 1969 prior
670 1887 746 1951 isset
768 1890 807 1950 ad
828 1891 976 1962 umbras:

175 1987 262 2052 Vive
284 1997 359 2064 tuo,
382 1986 502 2063 irater,
526 1996 694 2070 tempore,
716 1988 793 2054 rire
815 2011 902 2057 meo.

381 2127 515 2192 eum.
544 2103 722 2192 statuam.
752 2123 811 2208 (n.
835 2128 867 2193 n.
890 2129 958 2211 sn.)
1043 2113 1044 2116 ‘

110 2237 208 2319 Quod
231 2256 357 2320 semper
377 2257 532 2324 superos,
556 2235 659 2301 invito
680 2238 798 2316 fratre,
823 2239 966 2326 rogasti,

172 2340 266 2414 Hoc,
290 2340 442 2414 Lucane,
467 2337 526 2400 tibi
548 2337 706 2434 conligit,
731 2351 801 2404 ante
824 2340 919 2406 mori.

107 2439 235 2502 Invidet
255 2438 308 2503 ille
330 2440 408 2503 tibi:
432 2439 560 2524 Stygias
582 2461 653 2502 nam
677 2441 791 2505 Tullus
813 2445 852 2505 ad
875 2444 973 2508 undas

172 2543 335 2624 Optabat,
359 2540 504 2623 quamvis
525 2541 567 2604 sit
589 2541 710 2618 minor,
732 2541 783 2606 ire
803 2542 909 2626 prior.

108 2644 162 2706 Tu
183 2641 264 2708 eolis
287 2641 417 2724 Elysios
439 2638 644 2728 nemorisque
666 2641 828 2708 habitator
849 2645 975 2711 amoeni

170 2745 254 2808 Esse
275 2755 332 2807 tuo
354 2743 491 2825 primum
513 2765 597 2808 ntune
618 2741 685 2808 sine
706 2747 807 2810 iratre
829 2745 933 2828 cupis.

106 2847 153 2910 Et
174 2844 284 2909 eiiam
306 2845 411 2908 nitidis
434 2847 575 2910 alternus
598 2847 683 2910 venit
705 2849 745 2910 ab
768 2848 882 2924 astris,

170 2949 241 3013 Pro
263 2947 399 3014 Polluce
421 2969 532 3012 mones
556 2945 694 3023 Castora
716 2969 755 3014 ne
777 2950 899 3014 redeat.

359 3089 490 3154 exre.
523 3086 701 3153 erasnm.
735 3089 801 3179 (e,
818 3089 870 3153 10.
894 3087 968 3170 m.)

106 3196 176 3263 Iam
201 3207 345 3262 numerat
367 3197 495 3281 placido
517 3197 596 3261 felix
618 3185 779 3265 Antonius
800 3218 882 3284 aevo

117 3361 124 3376 ,
170 3298 362 3382 Quindecies
384 3311 469 3364 actas
491 3299 620 3365 Primus
644 3300 869 3385 Olympiadas}

104 3401 371 3484 Praeteritosque
393 3401 458 3465 dies
480 3412 512 3466 et
533 3413 621 3466 totos
642 3402 774 3486 respicit
794 3423 915 3481 annos,

168 3507 241 3568 Nec
263 3501 374 3566 metuit
395 3504 515 3567 Lethes
536 3503 596 3568 iana
619 3503 785 3587 propioris
807 3523 918 3588 aquus.

103 3595 201 3672 Nulla
226 3605 410 3670 recordanti
430 3595 486 3670 lux
508 3617 556 3670 est
577 3605 702 3691 ingrata
726 3605 919 3691 gravisquea

170 3707 264 3771 Nulla
287 3705 392 3783 subit,
416 3707 505 3772 euius
527 3729 592 3775 noo
613 3707 794 3774 meminisse
812 3710 902 3774 velit.

102 3809 249 3893 Ampliat
270 3807 381 3872 aetatis
401 3809 536 3892 spatium
558 3810 619 3877 sibi
635 3811 691 3890 ,vir
712 3814 836 3876 boum:
859 3813 925 3878 hoe
946 3822 995 3882 est

168 3911 294 3978 Vivere
315 3910 384 3989 his,
411 3912 475 3984 vita
495 3911 723 3998 possepriore
743 3910 823 3978 frui.
871 3969 873 3976 ,

369 4053 483 4119 LXV·
518 4051 706 4116 Eiusdem-¹
735 4050 795 4129 (L.
817 4049 964 4129 lent)

102 4161 225 4237 Unice,
250 4172 392 4246 cognato
415 4161 555 4226 iunctum
576 4161 653 4226 mihi
674 4161 829 4246 sanguine
849 4180 983 4239 nornen,

168 4262 298 4352 Quique
320 4261 407 4350 geris
428 4261 540 4330 stadiis
561 4265 661 4332 eorda
683 4263 864 4350 propinqua
885 4261 980 4334 meisa
