2952 4826
264 217 304 280 48

264 375 452 457 Persequor
472 393 509 434 ac
533 372 636 434 doceo
659 365 773 443 dictis,
796 387 862 452 quo
886 387 1030 452 quaeque
1056 377 1162 432 creata

263 477 411 540 Foedere
433 471 513 548 sint,
536 470 569 535 in
592 491 631 536 eo
654 491 748 556 quam
771 467 811 532 sit
834 471 949 532 durare
971 490 1151 544 necessum,

263 579 333 640 Nec
354 575 475 638 validas
499 573 622 637 valeant
644 570 715 636 aevi
737 569 919 634 rescindere
940 571 1042 656 leges.

265 680 339 760 Quo
363 697 481 761 genere
503 674 535 738 in
557 672 668 758 primis
692 671 787 736 animi
808 683 921 735 natura
940 685 1099 755 repertast

263 779 385 844 Nativo
410 777 547 860 primum
567 775 743 840 consistere
767 795 910 856 corpore
936 787 1042 850 creta,

263 884 335 945 Nec
357 901 452 963 posse
475 877 666 943 ineolumem
687 897 834 959 inagnum
857 879 974 940 durare
996 899 1055 960 per
1079 899 1214 944 aevom:

265 984 328 1046 Sed
349 981 518 1044 simulacra
540 979 645 1044 solere
664 977 696 1042 in
720 977 840 1060 somnis
861 978 973 1044 lallere
992 992 1144 1058 mentem,

264 1085 408 1150 Cernere
429 1103 527 1168 quorn
551 1080 715 1144 videamur
734 1101 822 1156 eum,
845 1101 939 1166 quem
963 1079 1028 1144 vita
1049 1082 1193 1169 reliquit.

328 1187 426 1267 Quod
446 1193 608 1265 superest,
632 1203 715 1244 nunc
736 1183 800 1244 huc
821 1180 956 1246 rationis
980 1183 1091 1246 detulit
1113 1190 1213 1262 ordo,

262 1291 308 1355 Ut
331 1286 408 1350 mihi
430 1283 560 1350 mortali
583 1282 758 1348 consistere
783 1303 925 1365 corpore
947 1288 1094 1348 mundum

264 1369 483 1474 Natironrqrie
506 1386 599 1451 simul
621 1385 705 1450 ratio
726 1389 891 1450 reddunda
914 1385 954 1449 sit
976 1408 1057 1452 esse.

263 1496 308 1557 Et
326 1491 442 1577 quibus
465 1490 519 1553 ille
537 1487 640 1553 modis
663 1509 855 1572 congressus
877 1489 1021 1554 materiai

264 1592 421 1660 Fundarit
440 1604 575 1666 terram,
600 1590 739 1665 caelum,
763 1611 866 1666 snare,
890 1590 1010 1668 sidera,
1035 1595 1136 1658 solem

262 1699 432 1781 Lunaiquc
458 1693 610 1777 globum
632 1702 713 1765 tum,
738 1713 819 1774 quae
839 1692 951 1758 tellure
973 1695 1146 1760 animantes

262 1795 475 1870 Exstiterint;
498 1805 529 1858 et
551 1815 632 1879 quae
653 1793 740 1857 nullo
763 1792 827 1856 sint
848 1804 995 1876 tempore
1016 1809 1127 1862 natae:

264 1902 380 1979 Quove
402 1900 499 1962 modo
521 1917 620 1980 genus
641 1896 810 1957 humanum
834 1895 978 1961 variante
1000 1898 1129 1986 loquela

264 1999 422 2083 Coeperit
441 1999 524 2062 inter
542 2019 576 2060 se
599 1995 687 2060 vesci
708 2018 768 2078 per
787 1996 915 2062 nomina
934 2021 1063 2065 rerum:

263 2105 307 2168 Et
331 2101 446 2187 quibus
468 2100 523 2164 illc
543 2098 647 2164 modis
671 2098 779 2162 divtlrn
799 2110 899 2163 metus
920 2101 1087 2168 insinuarit

264 2207 425 2278 Pectora,
447 2214 605 2266 terrarum
629 2199 684 2286 qui
707 2199 740 2263 in
764 2201 838 2266 orbi
860 2215 968 2266 sancta
987 2216 1094 2269 tuetur

262 2309 367 2382 Fana,
391 2305 497 2380 lacus,
520 2303 629 2380 lucos,
652 2322 723 2366 aras
744 2303 976 2392 simulacraque
995 2307 1118 2372 divtlnr.

327 2411 518 2482 Praeterea,
542 2404 620 2470 solis
642 2425 754 2468 cursus
775 2405 930 2491 lunaeque
953 2421 1091 2488 meatus,

265 2510 462 2595 Expediam,
486 2530 548 2595 qua
572 2507 604 2570 vi
626 2508 734 2571 flectat
756 2509 879 2571 Natura
903 2512 1103 2594 gubernans:

262 2618 314 2678 Ne
334 2614 422 2678 lorte
442 2615 521 2675 haec
538 2609 623 2674 inter
644 2611 766 2673 caelum
787 2621 970 2697 terramque
993 2636 1120 2678 reamur

263 2715 386 2780 Libera
409 2726 525 2798 sponte
549 2734 604 2776 sua
626 2735 737 2776 cursus
760 2712 896 2777 lustrare
918 2715 1101 2797 perenneis,

264 2817 438 2903 lllorigera
462 2818 502 2878 ad
518 2815 629 2898 fruges
651 2817 811 2898 augendas
834 2826 929 2900 atque
950 2818 1152 2883 animanteis:

264 2924 357 2986 Neve
379 2918 485 3004 aliqua
508 2916 618 2979 divom
641 2916 733 2979 volvi
753 2914 877 2981 ratione
900 2929 1060 3001 putemus.
1201 2918 1207 2928 '

263 3026 364 3100 Naar,
387 3025 467 3085 bene
492 3017 565 3104 quei
588 3018 728 3082 didicere
754 3021 831 3082 deos
852 3040 998 3084 securum
1024 3044 1121 3107 agere
1144 3047 1274 3103 aevom,

264 3124 299 3188 Si
321 3136 425 3187 tamen
446 3122 566 3184 interea
593 3120 764 3196 mirantur,
789 3143 852 3205 qua
873 3123 1000 3188 ratione

263 3229 416 3312 Quaeque
440 3222 510 3309 geri
531 3221 672 3306 possint,
697 3222 884 3305 praesertim
905 3228 1002 3290 rebus
1021 3227 1054 3291 in
1077 3228 1159 3306 illis,

264 3331 353 3411 Quae
377 3347 474 3410 supra
496 3336 591 3407 caput
612 3324 761 3388 aetheriis
784 3337 956 3390 cernuntur
976 3328 1009 3392 iu
1029 3329 1113 3406 oris;

263 3435 386 3497 Rursus
409 3429 441 3492 in
462 3427 607 3512 antiquas
624 3427 809 3490 referuntur
831 3427 1006 3512 religiones

262 3538 307 3599 Et
330 3530 477 3598 dominos
500 3527 602 3592 acreis
626 3529 802 3605 asciscunt,
828 3531 932 3594 omnia
953 3554 1048 3614 posse

263 3637 356 3718 Quos
375 3632 502 3696 miserei
525 3633 675 3706 credam,
699 3630 843 3715 ignarei,
867 3632 944 3717 quid
967 3647 1062 3719 queat
1084 3660 1170 3716 esse,

318 3797 359 3844 ⁶2.
379 3796 514 3843 incolumia
526 3795 557 3840 A.
569 3794 597 3838 1..
609 3795 640 3839 H.
679 3793 719 3842 65.
740 3808 807 3839 nunc
824 3809 863 3839 me
880 3795 928 3842 leuc
946 3798 975 3844 L.
995 3801 1026 3845 fl.
1065 3798 1106 3848 73.
1126 3805 1199 3850 nosci
1216 3805 1293 3852 Codd.
1313 3810 1384 3867 aliq„

264 3871 335 3916 etium
348 3868 380 3912 E.
392 3867 455 3912 Edd.
469 3869 527 3912 vett.
541 3867 583 3909 etr.
595 3864 624 3911 1..
635 3865 665 3911 Α.
684 3866 770 3920 „reret
782 3865 799 3910 i.
814 3881 837 3914 e.
852 3867 932 3912 rivere
944 3899 951 3922 ,
965 3870 1038 3915 vitani
1050 3874 1146 3932 cotere;
1160 3877 1302 3922 secundario
1315 3880 1384 3924 verbi

264 3935 411 3997 significatu,
433 3949 507 3993 quum
525 3936 572 3978 rita
590 3935 704 3978 nimirum
720 3935 780 3979 cibis
792 3938 916 3982 vescendis
930 3943 1101 4000 propagetur-,st
1119 3944 1194 3989 Wak.
1221 3949 1312 3991 Veram
1326 3952 1383 3992 tect.

263 4008 330 4055 reses*
347 4005 420 4049 habet
433 4005 478 4049 Cd.
490 4003 520 4051 C.
559 3999 600 4049 96.
620 4003 655 4046 ltu
673 4004 748 4048 Codd.
763 4003 846 4059 (etiam
860 4005 888 4050 C.
900 4006 944 4062 E.)
954 4009 1014 4054 Ede.
1026 4017 1084 4056 vett.
1099 4010 1144 4058 Ar.
1155 4015 1185 4058 Α.
1204 4013 1294 4060 horum
1303 4016 1333 4062 1,.
1351 4019 1383 4062 ll.

264 4069 524 4122 Eichst.clr.v.135.
565 4069 606 4118 99.
626 4073 742 4120 accidat:
761 4073 841 4120 firmat
858 4075 918 4130 hanc
936 4079 991 4124 lect.
1012 4080 1042 4127 C.
1061 4104 1095 4116 -
1113 4082 1207 4128 eccidit
1224 4099 1278 4130 curn
1295 4087 1385 4141 pleris-

264 4161 309 4206 que
327 4144 387 4188 Cdd.
401 4142 432 4186 E.
445 4141 506 4188 Edd.
521 4146 580 4187 vett.
591 4142 634 4188 W.
663 4145 710 4188 Sed
726 4143 771 4188 cfr.
787 4145 817 4198 1,
833 4142 892 4190 921.
910 4144 962 4191 Nec
981 4162 1019 4192 me
1037 4151 1118 4194 aniane*
1127 4149 1217 4210 follit,
1238 4167 1314 4214 quern
1332 4156 1387 4202 sint

262 4217 381 4262 oberrare.
402 4216 427 4256 et
441 4215 494 4254 aute
513 4211 592 4255 omnia
609 4213 633 4256 in
648 4225 671 4257 v.
689 4225 740 4270 seq.
760 4227 834 4272 quem
851 4211 958 4277 difficile
977 4217 1005 4262 r'd
1021 4216 1085 4264 matt
1103 4221 1146 4267 alt.
1185 4220 1244 4269 104.
1263 4223 1386 4280 Empedo-

264 4289 313 4333 cles
332 4297 355 4330 r.
377 4277 437 4330 302.
455 4281 491 4326 St.
516 4271 567 4342 (τὸ
587 4274 690 4345 Θεῑον)
712 4273 769 4331 οὐκ
793 4273 878 4332 ἔστιν
895 4279 1072 4345 πελάσασδη
1098 4282 1160 4340 οὐδ’
1180 4287 1386 4359 ὀφθαλμοῖσιν
