2946 4816
1170 205 1234 266 211

110 366 255 431 Caecum
279 367 393 428 volnus
415 366 531 438 habes;
554 367 610 428 sed
631 364 698 434 lato
720 363 843 426 balteus
867 384 946 427 auro

70 449 73 456 ⁴
110 467 296 552 Praetegit.
320 499 361 509 —
385 469 429 532 Ut
452 466 572 542 mavis,
597 469 635 528 da
659 467 758 530 verba
781 477 812 528 et
835 465 944 548 decipe
967 487 1105 543 nervos,
1194 467 1233 528 ta

111 573 150 634 Si
171 582 278 652 potes.
302 601 343 612 -
366 569 567 654 „Egregium
592 588 689 652 quom
713 589 762 630 me
785 569 898 632 vicinia
921 569 1022 644 dicat,

112 676 191 737 Non
215 672 392 735 credarn?''
416 703 457 715 -
479 673 563 736 Viso
586 672 611 735 si
634 672 753 754 palles,
778 671 943 753 improbe,
975 693 1120 744 numnam

112 776 149 839 Si
172 775 270 851 iacis,
295 777 325 836 in
349 797 458 856 penem
483 775 637 858 quidqrrid
659 775 716 838 tibi
739 776 825 837 venit
848 796 1007 849 aurarum,

113 879 150 941 Si
172 879 280 960 puteal
303 879 399 940 multa
422 890 530 940 cautus
556 877 658 940 vibice
681 879 842 961 flagellas,

113 981 340 1064 Nequidquam
364 981 488 1062 populo
511 980 634 1042 bibulas
657 981 825 1044 donaveris
848 1003 953 1044 aures.

114 1085 265 1164 Respue,
291 1084 377 1164 qtrod
400 1104 464 1146 non
487 1103 539 1147 es:
564 1084 656 1146 tollat
677 1105 732 1146 sua
756 1107 884 1148 munera
909 1087 1031 1158 cerdo;

114 1188 237 1248 'secum
261 1185 389 1266 habita:
415 1184 520 1260 noris,
546 1207 637 1268 quam
662 1186 702 1248 sit
724 1187 781 1248 tibi
803 1200 892 1250 curta
915 1188 1073 1268 supellex.

474 1344 649 1409 sartan
680 1345 874 1425 potura,

156 1464 295 1526 Vatibus
318 1463 369 1526 bic
391 1487 460 1528 mos
484 1477 548 1542 est,
575 1478 700 1528 centnm
724 1466 784 1528 sibi
806 1488 943 1550 poscere
969 1489 1082 1544 voces,

113 1567 252 1630 Centum
277 1588 334 1630 ora
357 1577 389 1630 et
411 1566 534 1652 linguas
559 1581 672 1650 optare
693 1568 724 1630 in
749 1570 887 1632 carmina
910 1583 1057 1633 centum:

113 1671 237 1732 Fabula
260 1691 318 1732 seu
340 1681 461 1733 maesto
485 1682 625 1751 ponatur
647 1670 759 1733 hianda
783 1676 959 1756 tragoedo,

114 1773 264 1835 Volnera
286 1795 341 1834 scu
363 1771 476 1836 Parthi
499 1773 643 1836 ducentis
665 1779 704 1836 ab
728 1773 855 1856 inguine
878 1776 1011 1839 serrum.
1037 1808 1076 1818 -

114 1876 305 1954 „Quorsum
329 1873 431 1937 haec?
454 1886 508 1936 aut
530 1887 661 1957 quantas
684 1876 808 1939 robusti
832 1877 979 1940 carminis
1004 1879 1084 1942 offas
1214 1883 1234 1941 5

113 1977 258 2060 ingeris,
284 1990 318 2038 ut
340 1998 398 2058 par
420 1977 461 2038 sit
483 1989 617 2040 centeno
641 1989 771 2060 gutture
794 1979 875 2040 niti?

114 2082 244 2143 Grande
266 2079 406 2142 locuturi
430 2079 562 2141 nebulas
586 2081 745 2144 Helicone
767 2081 924 2166 legunto,

112 2181 149 2244 si
172 2181 287 2264 quibus
310 2193 363 2243 ant
386 2182 532 2244 Procnes
556 2194 610 2244 aut
631 2182 657 2244 si
680 2185 793 2266 quibus
818 2185 881 2247 olla
902 2168 1066 2266 Thyestae

113 2284 285 2359 Fervebit,
311 2305 407 2366 saepe
430 2284 550 2347 insulso
574 2287 736 2347 coenanda
760 2287 911 2366 Glyconi.

114 2389 168 2448 Tu
189 2407 293 2470 neque
317 2387 492 2462 anhelanti,
506 2387 666 2468 'coquitur
689 2389 761 2450 dum
785 2410 886 2452 massa
909 2389 1054 2469 cantino,
1195 2397 1233 2454 to

115 2487 209 2550 Folle
232 2479 349 2570 premis
375 2501 506 2552 ventos:
532 2510 590 2551 nec
613 2492 720 2553 clauso
744 2512 905 2554 murmure
927 2514 1043 2556 raucius

113 2589 235 2652 Nescio
258 2590 333 2674 quid
356 2603 459 2653 tecum
483 2613 583 2675 grave
606 2591 779 2654 cornicaris
803 2593 934 2675 inepte,

111 2694 183 2755 Nee
205 2691 337 2776 stloppo
359 2693 493 2756 tumidas
516 2693 649 2756 intendis
671 2715 820 2775 rumpere
843 2697 972 2758 buccas.

183 2863 226 2909 ll.
246 2885 279 2898 ¹-
302 2862 415 2909 baltheus
436 2865 487 2910 RE.
543 2862 585 2920 45,
610 2867 650 2900 ·-’
668 2865 780 2927 Protegit
801 2867 905 2914 TVAM.
956 2865 997 2912 ll.
1019 2893 1051 2904 -
1069 2871 1106 2916 Ne
1131 2873 1233 2918 endam

109 2935 169 2978 ΗΜ.
216 2931 247 2978 49
280 2957 307 2965 -
329 2940 418 2978 centua
436 2937 514 2994 multu
532 2936 652 2981 Tttsnm.
702 2934 743 2981 50.
764 2961 796 2970 -
814 2935 979 2996 Nequaquam
996 2940 1027 2983 V.
1074 2941 1116 2987 51.
1136 2965 1165 2980 ι-
1184 2959 1235 2990 non

107 3010 148 3049 eat
168 3003 193 3046 S.
232 3001 275 3047 52.
294 3000 395 3050 tabita:
413 3002 495 3062 neria]
515 3005 589 3049 ΤΚΛ.
609 3025 642 3038 -
660 3002 746 3049 laabim
765 3012 792 3049 ut
806 3007 877 3051 neria
895 3007 994 3052 VSEM.

182 3072 300 3115 sA'rttta
320 3075 349 3116 V.
389 3071 412 3118 1.
439 3094 473 3105 -
500 3074 545 3118 tihi
570 3075 600 3118 Τ,
648 3073 671 3120 6.
693 3099 726 3108 -
745 3089 767 3119 e.
791 3077 896 3136 gurgite
924 3078 952 3121 F.
972 3102 1005 3111 —
1024 3092 1048 3122 e.
1068 3081 1181 3124 camnine
1199 3082 1230 3128 tt.

112 3141 137 3187 7.
161 3153 194 3185 =
214 3141 381 3200 loquuturiE.
402 3141 427 3186 8.
447 3165 480 3178 -
495 3156 609 3203 prognes
633 3144 773 3188 TRESAM.
796 3143 837 3193 11.
858 3147 975 3190 -eluao
991 3148 1021 3191 V.
1042 3147 1078 3192 lb.
1096 3169 1125 3181 -
1145 3153 1234 3196 retecta

110 3214 143 3256 V.
185 3207 226 3254 13.
247 3230 281 3244 -
299 3212 379 3267 attopo
399 3212 452 3256 RV.
474 3235 495 3245 -
517 3214 619 3270 seloppo
636 3213 666 3256 E.
681 3238 714 3246 —
727 3215 812 3271 actopo
830 3214 882 3259 ΤΑ.
903 3239 936 3250 -
954 3217 1049 3274 arrepto
1067 3218 1096 3262 F.
1116 3238 1148 3254 -·
1165 3221 1232 3264 aeto·

103 3282 150 3339 plo
169 3281 199 3325 Ρ.
220 3303 253 3313 -
271 3278 372 3338 artoptae
388 3281 424 3326 M.
443 3301 479 3314 —
496 3280 584 3339 tropico
602 3283 627 3326 S.
666 3282 703 3328 lb.
723 3303 752 3316 -
771 3283 888 3329 intendes
903 3285 933 3330 u.

182 3439 225 3485 ts.
245 3439 360 3501 Protegit
377 3455 401 3496 p.
424 3438 465 3487 52.
482 3439 567 3485 babitu
575 3474 582 3498 ,
602 3448 626 3487 et
637 3445 708 3488 nort'e
720 3459 742 3488 r.
756 3444 847 3502 (sicque
858 3445 946 3490 Petrus
960 3447 1083 3492 blesensis
1096 3445 1145 3506 Ep.
1158 3445 1232 3506 tot.)

184 3510 310 3556 SATlRA.
332 3512 363 3556 V.
404 3508 428 3556 l.
446 3512 575 3571 loquuturi
591 3513 621 3558 Ρ.

109 3603 266 3615 ...—

181 3649 225 3696 ll.
246 3647 352 3696 Caecum
369 3653 456 3698 volnus
473 3651 561 3712 habea]
580 3656 615 3701 De
630 3655 803 3714 gladiatoribus
816 3660 931 3711 tractum,
952 3657 990 3712 qui
1004 3661 1104 3712 accepto
1123 3658 1231 3714 volnere,

105 3725 221 3768 inaurato
239 3722 318 3766 balteo
337 3727 428 3779 tegunt.
474 3721 516 3770 49.
541 3722 817 3782 Puteal]1·'eneratores
836 3727 865 3768 ad
892 3728 969 3782 puteal
992 3726 1113 3770 Scribonii
1135 3728 1234 3772 Libonis

106 3793 156 3848 (sie
176 3791 246 3836 Reiz.
268 3813 297 3822 -
318 3789 449 3837 Scribonia
468 3791 563 3837 Licinii
583 3795 648 3839 Pith.
667 3794 724 3838 Cas.
769 3795 796 3838 ln
818 3807 870 3839 var.
898 3797 979 3842 lectt:
1012 3795 1072 3848 „Ab
1094 3796 1235 3852 Libonis.”)

107 3861 175 3918 qnod
193 3864 232 3904 eat
249 3861 272 3903 in
293 3861 386 3915 porticu
410 3861 470 3904 lolia
488 3863 517 3905 ad
533 3863 665 3908 Fabianum
683 3876 780 3917 arcum,
800 3863 932 3908 consistere
951 3863 1070 3908 solebant.

181 3928 301 3973 sn'ttttt
317 3932 349 3974 V.
388 3927 412 3975 9.
433 3927 567 3975 Coeneada
587 3929 708 3991 Glyconi]
728 3932 819 3986 Glycon
841 3935 968 3990 tragoedus
985 3935 1073 3988 populo
1095 3935 1156 3979 mire
1181 3938 1232 3990 pta·

105 4000 172 4052 erit,
193 4004 216 4042 et
228 3999 283 4042 ideo
299 4012 313 4042 a
332 3997 428 4044 Nerone
444 4002 603 4046 inanuurissus
622 4007 675 4056 est,
696 4003 757 4046 datis
778 4002 884 4058 Virgilio
902 4004 1026 4060 tragoedo,
1046 4004 1142 4047 domino
1165 4006 1232 4060 eius,

106 4081 156 4124 pro
174 4073 242 4122 parte
261 4068 375 4123 dimidia,
407 4082 477 4126 quarn
494 4071 646 4125 possidebat,
672 4071 841 4116 sestertiorum
857 4072 969 4115 trecentis
988 4071 1057 4125 (,‚.tt.
1077 4076 1235 4119 sexcentie.”

106 4135 187 4190 Pith.)
206 4136 323 4182 millibus.
372 4138 417 4182 llic
432 4137 477 4182 tuit
492 4143 598 4186 staturae
618 4143 721 4199 longae,
746 4140 806 4184 insci
825 4141 951 4194 eorporis,
981 4142 1045 4184 labio
1066 4142 1177 4187 interiori
1196 4147 1236 4188 de·

106 4207 203 4252 misso:
235 4211 362 4264 antequam
377 4206 566 4265 subornaretur,
595 4209 724 4258 deformis:
751 4208 846 4254 nescius
862 4209 952 4264 iocari,
981 4214 1160 4269 propterquod
1180 4226 1234 4257 eum

108 4276 232 4320 insulsum
252 4276 352 4321 Persius
373 4277 441 4321 dixit.
