2964 4814
141 382 322 447 Assenserc
345 378 418 444 viri.
443 413 484 428 -·
506 381 601 444 Nune
624 401 687 444 non
711 379 788 444 cinis
809 379 864 445 ille
885 382 1002 465 po'e'tae

141 483 262 549 Felix?
284 505 349 547 non
371 481 477 548 levior
499 482 612 566 cippus
634 505 718 548 nunc
740 481 892 565 imprimit
914 481 1011 547 ossa?

140 589 290 650 Laudant
312 585 483 650 convivae.
505 619 547 630 —
569 587 664 648 Nunc
687 606 750 651 non
773 607 791 650 e
814 585 970 655 Manibus
991 584 1074 662 illis,

141 691 239 753 Nunc
261 710 324 753 non
349 710 366 752 e
388 688 511 752 tumulo
533 687 762 773 fortunataque
785 687 895 752 favilla

141 794 327 855 Nascentur
351 789 480 854 violae?
502 823 544 836 -
566 788 710 867 „Rides,
735 790 797 867 ait,
822 803 855 854 et
876 789 965 856 nimis
988 791 1076 856 uncis
1224 793 1267 853 to

41 940 54 964 ,
141 893 285 958 Naribus
307 892 466 976 indulges.
513 892 566 955 An
590 890 668 969 erit,
693 893 748 974 qui
771 892 853 956 velle
873 903 1002 958 recuset

142 996 191 1060 Os
214 995 326 1079 populi
348 993 500 1057 meruisse
522 1004 554 1057 et
576 996 674 1058 cedro
697 995 794 1078 digna
816 995 943 1060 locutus

141 1098 308 1180 Linquere
330 1117 389 1160 nec
410 1097 579 1160 scombros
602 1097 768 1160 metuentia
791 1096 930 1160 carmina
952 1117 1012 1160 nec
1033 1097 1159 1162 thus?”
1182 1130 1224 1144 -

144 1200 295 1283 Quisquis
318 1221 373 1275 es,
398 1220 439 1276 o,
464 1201 560 1262 modo
584 1219 677 1284 quem
701 1219 742 1262 cx
764 1202 902 1264 adverso
926 1198 1032 1264 dicere
1054 1199 1136 1277 feci,

142 1305 220 1367 Non
244 1323 327 1386 ego,
352 1323 450 1386 quom
473 1301 599 1377 scribo,
624 1301 650 1364 si
672 1301 758 1365 forte
782 1302 857 1385 quid
880 1302 983 1384 aptius
1006 1302 1072 1366 exit
1093 1335 1135 1352 ·-
1222 1304 1262 1368 ts
1341 1339 1342 1344 κ

143 1406 282 1486 Quando
304 1405 384 1466 haec
405 1425 479 1466 rara
501 1403 569 1467 avis
592 1415 641 1467 est
662 1438 703 1450 —
725 1404 751 1467 si
774 1403 850 1487 quid
872 1416 977 1474 tamen
1000 1404 1105 1488 aptius
1128 1404 1211 1481 exit,

142 1505 287 1571 Laudari
309 1517 463 1580 metuam3
486 1527 589 1589 neque
612 1505 694 1570 enim
717 1505 793 1577 milri
815 1527 932 1570 cornea
953 1507 1035 1570 fibra
1059 1518 1119 1570 est.

143 1610 209 1673 Sed
229 1607 311 1672 recti
332 1608 491 1691 finemque
514 1619 756 1692 extremumque
780 1629 849 1672 esse
871 1629 987 1672 recuso

142 1714 346 1796 Eugenium
370 1722 402 1772 et
423 1710 524 1785 bellc;
548 1731 618 1773 nam
641 1710 725 1774 belle
746 1712 811 1776 hoc
834 1723 948 1774 excute
970 1721 1094 1787 totum,

143 1815 230 1895 Quid
251 1834 314 1877 non
337 1812 420 1877 intus
443 1811 564 1876 hahet?
586 1833 649 1878 non
673 1814 726 1882 hta
748 1823 796 1880 est
817 1813 896 1876 Ilias
918 1811 1001 1878 Acci
1223 1813 1265 1876 50

143 1916 246 1982 Ebria
267 1914 422 1981 veratro?
446 1937 508 1980 non
532 1915 642 2000 siqua
665 1915 800 2000 elegidia
823 1915 913 1984 crudi

142 2018 315 2083 Dictarunt
337 2016 516 2100 proceres?
538 2039 604 2083 non
626 2017 778 2103 quidquid
799 2018 935 2101 denique
957 2018 1047 2082 lectis

143 2121 303 2185 Scribitur
325 2121 356 2184 in
379 2119 510 2185 citreis?
532 2151 574 2164 -—
597 2117 743 2192 Calidum
766 2120 827 2184 scis
849 2140 974 2208 ponere
997 2141 1126 2196 sumen3

143 2223 214 2288 Scis
236 2222 384 2286 comitem
407 2223 606 2287 horridulum
629 2221 704 2285 trita
728 2225 847 2286 donare
870 2223 1018 2298 lacet-ua,
1110 2305 1113 2312 Ι

142 2327 206 2402 Et,
231 2327 373 2403 Verum,
398 2323 640 2408 inquis,‘amo:
667 2345 777 2388 vertum
799 2324 875 2387 mihi
897 2324 994 2388 dicito
1018 2327 1056 2388 de
1078 2327 1147 2394 mel
1173 2325 1266 2392 -55

142 2427 210 2508 Qui
231 2426 330 2509 pote?
353 2426 400 2490 vis
424 2425 548 2490 dicam?
570 2427 734 2511 Nugaris,
759 2447 858 2510 quom
881 2426 960 2504 tibi,
983 2427 1094 2505 calve,

142 2529 280 2616 Pinguis
303 2529 499 2621 aqualiculus
520 2531 685 2612 propenso
707 2528 900 2622 sesquipede
922 2541 1039 2595 exstet.

214 2731 257 2780 st.
290 2755 318 2766 -
350 2745 410 2777 unm
433 2744 483 2776 nou
509 2746 532 2778 c.
561 2731 593 2777 A.
618 2755 651 2766 -
678 2745 744 2776 nune
768 2745 835 2778 uuae
859 2745 882 2777 e.
909 2733 941 2776 Τ.
963 2752 992 2764 -
1012 2744 1062 2776 usu
1079 2745 1147 2777 uase
1163 2747 1188 2778 e.
1207 2733 1266 2779 ΒΜ.

142 2801 186 2849 37.
203 2825 232 2835 -
243 2816 310 2848 uuus
327 2802 406 2848 lenior
419 2802 449 2847 T.
462 2801 498 2847 lb.
514 2822 544 2834 -
556 2815 616 2846 nuru
627 2802 674 2847 les.
689 2801 764 2848 SAM..
780 2801 817 2846 lb.
831 2824 864 2835 -
876 2815 926 2846 noir
936 2800 1012 2859 impr.
1026 2801 1079 2846 ΒΑ.
1100 2798 1142 2847 38.
1155 2821 1188 2837 -
1200 2816 1268 2848 nuuc

139 2887 210 2918 nune
228 2887 241 2916 s
259 2886 327 2917 mon.
347 2871 401 2916 Tu.
421 2893 455 2905 -
472 2884 532 2916 num
548 2884 615 2915 nune
633 2885 646 2915 s
664 2883 735 2914 mon.
754 2871 807 2916 SM.
875 2868 917 2916 ³⁹.
939 2891 968 2902 -
994 2868 1070 2916 Nisae
1087 2884 1154 2915 nune
1172 2886 1185 2915 e
1202 2878 1266 2918 tum.

141 2943 242 2988 TRSM.
260 2943 312 2998 (sed
333 2941 369 2985 M.
391 2946 430 2985 est
451 2937 705 2994 tum.)-Numrron
723 2953 735 2982 e
754 2945 816 2997 tum.
835 2939 864 2984 Α.
895 2937 937 2984 41,
957 2941 1056 2985 -sals
1073 2939 1104 2985 ll.
1125 2937 1267 2986 ta-tm

141 3014 175 3056 V.
197 3008 240 3056 44.
259 3009 391 3056 —dtsm
402 3006 452 3070 sus
470 3015 509 3054 est
520 3009 550 3054 tt.
571 3006 614 3055 45.
635 3009 704 3053 —sr'
722 3005 860 3068 quidsorte
873 3007 904 3055 Α.
925 3006 1267 3060 ll.-.-ner'l'lli.5ll.e'utro

141 3082 181 3129 Μ.
210 3103 242 3115 -
266 3076 344 3124 lralm
361 3079 392 3124 E.
413 3103 446 3116 ·-
464 3085 503 3124 est
519 3076 561 3123 lrs'c
579 3078 632 3122 Tu.
688 3077 732 3123 5l.
752 3092 798 3122 use
818 3078 889 3123 sill.
928 3076 988 3124 ·52.
1007 3091 1057 3126 tros
1075 3079 1100 3127 σι’
1117 3077 1179 3138 qnid
1194 3079 1266 3124 deui-

140 3163 190 3210 que
209 3150 240 3194 E.
279 3146 321 3199 55.
348 3146 435 3208 dicito]
463 3149 568 3197 TVAM.
588 3169 618 3182 -
637 3146 713 3193 dicits
730 3147 800 3196 RES.
839 3144 881 3194 56.
906 3153 1024 3211 -potes
1044 3151 1071 3196 S.
1109 3146 1151 3196 ⁵7.
1172 3147 1266 3207 exstet]

142 3219 219 3268 Tun.
231 3243 265 3254 -
279 3225 365 3265 exstet
381 3220 481 3266 RVSM.
496 3243 527 3253 -
541 3218 622 3264 exstet
638 3219 719 3264 Vatis.

214 3379 257 3432 43.
276 3388 316 3428 tus
333 3383 398 3428 PW.
436 3378 478 3428 55.
497 3381 573 3428 dicits
591 3382 634 3428 rr.

215 3545 257 3593 39.
278 3544 401 3590 Taenarius
419 3546 506 3590 dieitur
525 3550 605 3591 terrae
621 3545 747 3605 aggestio,
777 3543 816 3589 ubi
833 3541 898 3588 nulla
918 3545 955 3590 ssi
971 3545 1101 3589 merueris.
1139 3542 1181 3590 43.
1203 3546 1268 3603 Quae

149 3617 258 3663 carmina
282 3616 372 3659 nullum
392 3615 525 3671 periculum
545 3615 647 3659 habeant
668 3628 765 3659 manere
787 3616 851 3669 apat
869 3614 1066 3659 salsarnentarios
1090 3618 1114 3659 et
1133 3615 1265 3660 thurarius.

144 3687 197 3732 Per
215 3684 343 3730 scombros
364 3683 483 3742 significat
506 3685 717 3742 salsamentarios3
743 3695 786 3739 per
807 3681 882 3738 thus,
914 3684 1097 3742 pigrneutarios.
1117 3685 1189 3738 („n1.
1220 3698 1270 3728 uu-

144 3755 320 3816 gueutnrs'os.”
338 3751 417 3812 Pith.)
454 3751 497 3798 44.
517 3753 637 3816 Quisquis
656 3752 694 3813 es]
719 3753 818 3797 Mimiea
836 3758 860 3797 et
877 3755 969 3798 comica
980 3753 1137 3798 exclamatio:
1158 3755 1271 3812 quoniam

144 3828 231 3881 poetae
253 3837 438 3881 nonnunquam,
464 3825 555 3868 omisso
578 3830 645 3868 recto
673 3836 803 3876 sermone,
832 3827 899 3865 extra
920 3835 1031 3867 scaenam
1057 3824 1103 3868 soli
1124 3825 1268 3880 loquuntur,

145 3895 293 3939 sustinentes
311 3906 438 3951 personam
462 3907 544 3949 suam,
576 3899 617 3938 aut
632 3893 768 3950 aliquorum
788 3891 911 3935 hominum
933 3891 1007 3936 rerba
1024 3893 1187 3948 interponunt.
1226 3890 1269 3938 50.

143 3963 210 4008 Ilios
237 3961 311 4023 Acci]
340 3964 427 4008 Accius
454 3962 537 4008 Labeo
569 3961 669 4007 iliadein
695 3961 795 4006 Homeri
822 3961 933 4006 versibns
960 3962 1100 4007 foedissime
1124 3965 1269 4019 composuit.

145 4029 190 4078 54.
209 4031 267 4076 Scis
285 4033 400 4079 comitem
418 4029 587 4090 horridulum]
606 4031 659 4076 Scis
683 4031 778 4075 birrum
802 4031 909 4074 attritum
929 4031 1011 4075 comiti
1033 4033 1178 4077 condonare.
1220 4031 1271 4078 La-

144 4115 237 4156 uerna,
252 4105 361 4159 ,pultium
380 4101 543 4158 fimbriatum,
572 4114 619 4159 quo
637 4101 696 4146 olim
721 4100 767 4144 soli
790 4100 878 4144 milites
900 4099 1058 4157 relabantnr;
1079 4103 1199 4156 paenula,
1218 4102 1270 4157 psl·

144 4173 205 4217 lium
222 4185 276 4216 curn
298 4171 400 4219 fimbriis
424 4163 512 4234 longis.
561 4167 604 4217 55.
623 4168 676 4231 Qui
687 4165 775 4228 petel]
795 4170 897 4213 Tractus
916 4182 1001 4214 sensus
1020 4183 1050 4215 ex
1065 4169 1159 4215 Graeco
1180 4184 1269 4225 versu,

144 4239 376 4300 quaesitiores,
396 4254 425 4290 ex
445 4246 527 4286 venue
546 4251 629 4285 erasto
648 4244 743 4284 tenuem
764 4252 863 4285 sensum
877 4251 923 4284 nou
937 4239 1013 4284 nasei.
1050 4236 1197 4300 (maxum
1214 4252 1280 4314 yar-⁶

144 4305 223 4384 στήρ
242 4307 350 4362 λεπτὸν
368 4304 406 4361 ου’
424 4303 629 4361 sinsssso'oul'
646 4309 727 4366 Picti.)
