2948 4820
216 207 280 276 ³84

213 369 269 434 καί
291 357 442 454 στρώσας
463 358 483 431 ό
504 365 607 454 γέρων
629 358 667 430 τό
690 357 864 452 τριβώνιον
889 358 983 448 έγγός
1004 361 1142 446 ἐκείνου,

274 468 335 534 τοῦ
355 464 459 534 πολὺν
479 467 513 532 lx
539 465 691 550 ποταμοῦ
712 461 837 554 χρυσόν
863 459 1122 554 ίίιγνσσαμένον,

211 558 314 637 εἶπεν·
336 569 407 640 ἐμοὶ
430 571 486 634 καί
507 567 566 634 νόν
585 567 702 634 πλείων
723 562 841 644 τόπος·
862 558 949 632 όσσα
970 563 1036 656 γὰρ
1061 557 1164 654 εἶχον,
1314 572 1335 634 5

274 664 383 737 πάντα
405 671 495 762 φέρω
520 665 581 736 σόν
605 669 693 756 έμοί,
715 670 857 760 Κροῖσε,
878 665 919 736 σὺ
940 662 973 735 δ’
997 666 1092 736 οὐδέν
1114 669 1205 757 ἔχεις.

445 807 497 875 93.
523 806 906 875 ΑΝΤΙΠΛΤΡΟΥ
933 807 1097 874 θΕΣΣ.

216 902 295 998 Οὐχί
315 895 567 996 βαθνστόλμων
581 902 758 998 Ἱππαρχία
779 907 859 996 ἔργα
881 909 1042 993 γυναικῶν
1048 959 1059 991 ,

277 1010 341 1077 τῶν
363 1013 399 1077 δέ
421 1011 538 1078 Κυνῶν
560 1004 682 1097 ἑλόμαν
705 1009 874 1098 ῥωμαλέον
893 1009 1022 1093 βίοτον·

211 1105 290 1181 οὐδέ
309 1135 367 1198 μοι
390 1106 571 1200 ἆμπεγόναι
592 1106 815 1201 περονητιδις,
837 1106 876 1176 οὐ
897 1106 1121 1201 βαθόπιλμος

276 1207 426 1299 εόμαρίς,
448 1209 487 1280 οὐ
509 1207 632 1280 λιπόων
652 1208 748 1279 εὔαδε
770 1207 991 1304 κεκρόφαλος·

210 1311 325 1393 θολός
348 1315 384 1381 δέ
406 1308 551 1396 σκήπωνι
569 1317 789 1406 σννέμπορος,
812 1306 835 1380 α’
856 1338 891 1380 τε
913 1311 1058 1406 συνῳδός
1314 1321 1335 1385 5

274 1415 407 1498 δίπλαξ,
429 1420 486 1484 καί
510 1416 624 1494 κοίτας
644 1415 757 1500 βλῆμα
776 1418 1001 1504 χαμαιλεχέος.

210 1511 297 1606 όίμμι
317 1519 353 1584 δέ
374 1519 567 1596 Μαιναλίας
591 1511 720 1608 κάρρων
743 1517 817 1602 βίος
837 1501 878 1598 ἦν
895 1511 1105 1597 Ἀταλοίντας

273 1613 414 1702 τόσσον,
434 1610 516 1688 ὅσον
537 1619 639 1710 σοιγίη
661 1621 799 1705 κρέσσον
820 1611 1035 1708 όρειδρομίης.

540 1757 592 1826 94.
615 1755 952 1825 ΑΝΤΙΠΑΤΡΟ
968 1759 1002 1826 Υ.

212 1854 325 1942 Αίόζει
349 1855 436 1950 πήρη
459 1883 493 1926 τε
517 1863 572 1926 καί
594 1853 800 1942 Ἡράκλειον
822 1854 960 1948 ἄριστον

273 1959 382 2052 βριθό
406 1962 598 2030 Σινωπίτον
625 1963 795 2044 Διογένενς
816 1955 980 2044 ῥόπαλον,

210 2068 265 2132 καὶ
292 2061 329 2130 τὸ
351 2057 454 2151 χύδην
472 2059 625 2154 ῥνπόεντι
645 2063 725 2154 πίνῳ
748 2063 998 2147 πεπαλαγμένον
1019 2061 1127 2142 ἔσθος

274 2161 466 2246 διπλοίδιον,
487 2165 629 2256 προερῶν
653 2159 833 2230 ἀντίπαλον
857 2164 1022 2254 νιφαδων,

211 2257 285 2335 όττι
306 2273 391 2345 τεοῖς
411 2262 529 2353 ὤμοισι
555 2265 737 2352 μιαίνεται·
758 2251 779 2346 ἦ
802 2260 866 2351 γὰρ
889 2259 909 2331 ό
928 2269 991 2353 μέν
1007 2291 1077 2336 που
1312 2275 1332 2337 5

274 2364 445 2459 οὐράνιος,
469 2365 509 2436 σὺ
532 2365 566 2435 δ’
591 2368 674 2460 ἔφυς
692 2361 753 2434 οὖν
771 2367 926 2459 σπσδιῇσι
950 2363 1045 2436 κείων.

209 2465 296 2538 ἀλλὰ
317 2475 441 2557 μέθες,
458 2473 565 2558 μέθες
589 2463 676 2537 όπλα
702 2465 745 2536 τὰ
768 2466 814 2555 μὴ
837 2473 940 2538 σέθεν
960 2467 1043 2540 ἄλλο
1069 2467 1222 2554 λεόντοιν,

193 2652 198 2660 ¹
272 2567 355 2640 ἄλλο
377 2573 547 2658 γενιιητῶν
565 2572 660 2660 ἔργον
681 2568 784 2661 ὄρωρε
809 2567 949 2662 τράγων.

539 2711 593 2778 95.
616 2711 1005 2780 ΠΤΟΛΕΜΑΙΟΥ.

119 2815 123 2826 ’
213 2803 286 2882 Οἶδ
311 2803 362 2882 ότι
384 2809 516 2892 θνατὸς
535 2809 597 2899 έγίι
621 2817 677 2879 καί
706 2807 885 2903 έιγόμερσς·
907 2809 983 2880 ἀλλ’
1008 2806 1090 2882 όταν
1113 2811 1245 2908 ἄστρων

271 2911 424 3003 μαστεόω
446 2911 583 2993 πνκινίις
603 2909 837 3007 οίμφιδρόμοως
857 2917 981 2997 ἕλικας,

210 3012 318 3084 οὐκέτ’
344 3011 497 3109 έπιψαόω
518 3017 615 3106 γαίης
635 3018 749 3096 ποσίν,
771 3011 858 3081 ἀλλὰ
877 3011 953 3106 παρ’
977 3012 1067 3110 αὐτῷ
1153 3107 1156 3112 ¹

272 3123 354 3188 Ζανὶ
376 3120 584 3214 θεοτρσφίης
606 3119 796 3205 πίμπλαμαι
820 3113 1014 3209 ἀμβροσίης.

548 3259 600 3330 96.
622 3256 940 3328 ΚΡΙΝΑΓΟΡΟ
954 3263 988 3330 Y.

378 3357 426 3442 είς
450 3356 560 3430 εἰκόνα
582 3355 806 3453 Πραξαγόρου
829 3362 956 3453 ἰατροῦ.

203 3457 318 3542 Αὐτός
336 3487 391 3532 σοι
419 3467 561 3550 Φοίβοιο
582 3459 660 3542 πάις
684 3465 874 3545 λαθικηδέα
895 3466 1006 3552 τέχνης

273 3559 467 3654 ίδμοσόνην,
488 3561 618 3660 πανοίκγγ
636 3571 732 3657 χεῖρα
754 3559 987 3653 λιπηνείμενος,

208 3660 427 3759 Πρηξαγόρη,
449 3672 596 3755 στέρνοις
617 3664 812 3754 ένεμόξατο·
836 3664 953 3759 τοιγὰρ
977 3662 1085 3756 σίνίαι41

273 3767 429 3860 όρνονται
450 3770 588 3857 δολιγῶν
610 3764 756 3836 όππόσαι
782 3770 816 3836 έκ
839 3769 1001 3859 πυρετῶν,

209 3877 266 3940 καὶ
287 3867 397 3940 ὁπόσα
419 3876 607 3960 τμηθέντος
626 3872 678 3938 ἐπὶ
695 3867 797 3962 χροός
818 3867 919 3961 ἄρκια
941 3875 1054 3938 θεῖναι
1312 3881 1331 3941 5

273 3968 457 4062 φάρμακα,
479 3974 613 4063 πρηείης
635 3963 744 4039 οἶσθα
760 3968 851 4064 ’παρ’
878 3968 1055 4056 Ἠπιόνης.

209 4077 387 4156 θνητοῖσιν
408 4071 441 4142 δ’
469 4071 500 4144 εἰ
518 4080 604 4142 τοῖσι
626 4062 781 4164 έπηρκεον
802 4071 947 4165 ιἠτῆρες,

273 4171 332 4244 οὐκ
354 4173 395 4243 ίίν
416 4171 641 4268 έπορθμεόθη
663 4174 863 4266 νεκροβαρίγς
885 4174 1018 4256 όίκατος.
