2946 4816
1182 211 1243 275 221

124 378 264 444 Grandia
287 376 503 462 magnanimus
527 375 652 459 peragit
673 395 768 458 puer.
811 374 893 440 Utar
915 393 1001 457 ego,
1026 381 1116 448 uter,

123 483 194 546 Nec
217 482 372 543 rhombos
393 478 469 542 ideo
491 477 615 541 libertis
637 497 759 560 ponere
781 476 905 551 lautus,

124 587 196 648 Nec
217 596 341 644 tenuem
364 581 479 644 sollers
502 582 665 643 turdarum
687 599 781 644 nosse
804 578 948 642 sslivsrn.

124 688 236 749 Messe
258 697 349 747 tenus
373 681 503 765 propris
529 682 622 746 vive:
647 692 678 743 et
701 682 847 766 granaria
871 681 933 763 (ses
956 684 1018 760 est)
1205 680 1245 742 25

124 789 254 858 Ernole.
279 788 365 867 Quid
389 785 529 849 ructuas?
554 786 661 859 Occu,
687 797 718 848 et
740 806 834 867 seges
857 786 955 848 alteru
971 783 1002 847 in
1017 785 1115 848 herba
1133 794 1192 847 est.
1206 813 1246 824 -

125 893 192 954 Ast
213 901 309 954 vocat
331 888 488 952 officium:
513 888 604 950 trabe
628 897 742 968 rupta,
768 886 894 950 Bruttis
916 907 994 950 saxa

125 991 261 1057 Prcndit
284 989 402 1054 amicus
425 990 518 1071 inops
540 1010 673 1073 remque
695 1010 821 1053 omnem
843 991 1003 1072 surdaque
1026 999 1101 1052 vota

130 1093 285 1159 Condidit
307 1092 421 1157 Ionio:
445 1091 526 1154 iacet
548 1091 618 1172 ipse
640 1092 671 1153 in
693 1090 789 1154 litore
812 1103 843 1153 et
867 1111 926 1154 una

128 1197 279 1279 Ingentes
302 1198 341 1257 dc
362 1215 472 1276 puppe
495 1191 546 1256 dei
566 1194 691 1277 iamque
714 1195 811 1257 obvia
834 1193 952 1278 mergis

130 1297 231 1362 Costa
254 1297 330 1359 ratis
353 1301 489 1359 lacerae.
535 1297 629 1358 Nunc
651 1306 683 1358 et
705 1298 743 1358 de
767 1296 887 1378 cespite
909 1296 987 1360 vivo

129 1402 260 1485 Frange
282 1399 418 1482 aliquid3
442 1398 561 1480 largire
583 1397 693 1480 inopi,
718 1419 756 1460 ne
779 1398 884 1480 pictus
908 1400 1039 1462 oberret

130 1502 288 1567 Caerulea
310 1501 343 1564 in
365 1501 484 1564 tabule.
507 1535 549 1548 -
572 1501 636 1564 Sed
658 1522 791 1564 coenam
814 1501 933 1564 iuncris
955 1503 1051 1565 heres

129 1605 285 1689 Negliget
307 1604 428 1680 iratus,
454 1607 542 1687 quod
562 1625 628 1666 reru
652 1603 852 1667 curtaveris:
879 1625 975 1667 urnae

131 1709 216 1773 Ossa
237 1707 373 1771 inodora
396 1706 501 1782 dubit,
526 1727 585 1770 seu
605 1706 726 1788 spirent
748 1707 889 1768 cinnama
912 1709 1039 1769 surdum
1210 1704 1250 1768 35

130 1813 199 1874 Seu
219 1830 333 1872 ceraso
355 1820 487 1892 peccent
509 1807 630 1885 casiae,
655 1808 780 1871 nescire
801 1820 943 1889 paratus.

132 1960 147 1988 ‚‚
162 1915 256 1974 Tune
279 1914 362 1974 bons
384 1910 552 1974 incolumis
576 1909 749 1972 minuas?''
772 1943 813 1953 -
837 1911 900 1973 Sed
922 1910 1048 1974 Bestius
1071 1921 1167 1994 urget

131 2015 300 2078 Doctores
323 2015 465 2079 Graios:
512 2013 583 2086 „Its
606 2012 655 2090 fit,
679 2024 851 2095 postquam
874 2034 987 2096 sapere
1009 2013 1083 2077 urbi

132 2117 216 2181 Cum
238 2114 353 2198 pipere
375 2125 406 2177 ct
426 2115 539 2197 palmis
564 2113 651 2177 venit
673 2126 818 2178 nostrum
841 2115 904 2178 hoc
926 2115 1018 2178 uraris
1041 2137 1175 2198 expers,

131 2218 331 2284 Foenisecae
353 2238 463 2280 crasso
484 2215 638 2279 vitiarunt
660 2216 801 2300 unguine
824 2217 963 2299 pultes.’'
988 2249 1028 2260 -
1212 2219 1254 2279 to

131 2323 225 2384 Haec
246 2321 353 2384 cinere
375 2317 511 2382 ulterior
534 2317 677 2381 ructuas?
700 2350 740 2362 -
763 2321 810 2382 At
831 2330 884 2395 tu,
911 2341 998 2383 meurs
1019 2322 1112 2384 heres
1200 2370 1203 2375 .

204 2501 246 2549 23.
269 2525 296 2535 -
318 2502 418 2546 rumlos
442 2503 473 2548 T.
495 2527 526 2536 -
544 2501 672 2547 scombros
690 2503 770 2546 ΒΑΜ.
792 2503 851 2547 ltem
870 2502 916 2560 0.,
937 2505 978 2548 setl
1000 2517 1122 2559 superscr.
1142 2505 1251 2551 rovnbos.

134 2572 171 2615 lb.
192 2592 225 2605 -
243 2571 306 2616 adeo
325 2574 356 2616 V.
406 2569 448 2616 20.
479 2591 510 2607 ··
536 2578 622 2616 tennes
640 2598 650 2608 -
669 2598 678 2608 ·
697 2572 795 2617 salivas
813 2572 865 2620 ΗΑ.
915 2572 952 2616 lb.
973 2571 1115 2632 turdarum]
1144 2575 1193 2618 SV.
1223 2595 1252 2605 -

131 2640 263 2686 turdorum
281 2641 402 2686 RESAM.
438 2639 480 2687 25.
502 2660 534 2674 ··
549 2640 617 2700 plens
632 2641 664 2687 Τ.
702 2639 744 2686 26.
765 2643 900 2686 -mstuv's
918 2642 1008 2686 Ornnes
1023 2644 1068 2687 rnei
1090 2648 1186 2697 praeter
1205 2643 1255 2698 M.,

133 2712 192 2768 qui:
222 2717 328 2759 metans.
378 2711 414 2755 lb.
437 2733 466 2744 -
486 2724 546 2756 occo
575 2724 650 2771 seges
668 2711 700 2754 T.
720 2711 861 2755 Vincentius
882 2705 1003 2756 liellovnc.
1026 2711 1099 2769 Spsc.
1119 2712 1199 2757 doctr.
1224 2711 1253 2768 5,

133 2778 194 2825 105.
207 2781 246 2837 qui
255 2781 313 2825 item
322 2786 430 2830 metune.
438 2801 472 2814 ·-
481 2793 542 2824 occu
551 2793 581 2824 sn
590 2793 664 2840 seges
678 2780 708 2825 Α.
717 2781 760 2836 (-
770 2781 860 2825 metuis
871 2781 941 2824 sicco
951 2795 1071 2835 superscr.
1083 2794 1144 2825 occa
1153 2778 1198 2836 tt.)
1210 2779 1253 2826 27.

133 2849 210 2893 -Ar
226 2855 295 2894 vocnt
308 2847 350 2910 ⁰ff·
365 2847 400 2894 M.
425 2871 452 2882 -
472 2847 581 2894 Advocot
593 2848 635 2911 off.
656 2851 684 2897 F.
723 2848 759 2893 lb.
780 2869 809 2884 ··
828 2849 912 2894 bruttia
931 2851 983 2898 ΤΑ.
1003 2848 1209 2896 28.-Prsndst
1221 2853 1253 2895 V.

132 2920 171 2962 lb.
191 2938 225 2953 -·
243 2933 274 2962 ac
291 2933 345 2962 rem
361 2932 458 2963 omnem
476 2920 506 2963 li.
544 2917 586 2964 23.
607 2939 641 2952 ·-
658 2919 685 2963 in
705 2917 776 2962 Ionio
797 2919 833 2964 M.
872 2920 909 2963 lb.
930 2936 963 2953 ·-
982 2926 1006 2964 st
1024 2919 1074 2963 uda
1091 2922 1126 2965 F.
1158 2917 1200 2965 33.
1221 2945 1254 2955 -

132 3002 220 3031 esrom
234 2988 376 3046 injunctis
389 2990 418 3033 Δ.
457 2985 499 3032 30.
522 2998 554 3032 =
574 2987 699 3048 Negleget
718 2990 749 3031 V.
788 2985 829 3037 35.
850 3012 885 3025 -
907 2987 1031 3032 inhonora
1054 2990 1083 3034 F.
1104 3009 1138 3024 ·-
1156 2989 1256 3035 mondo·

133 3071 166 3102 sa
184 3056 241 3115 (sir)
259 3071 380 3112 superscr.
403 3057 510 3102 inodora
530 3059 560 3102 li.
599 3057 636 3101 lb.
656 3070 767 3116 cynnmn
779 3058 809 3102 Α.
848 3055 1256 3118 37.Ssd]01nnes1neiprneter

132 3127 188 3180 M.,
218 3128 257 3184 qni
284 3133 317 3171 st.
368 3126 409 3173 39.
434 3146 469 3161 -
495 3124 541 3170 ltoc
562 3131 676 3171 nostrum
697 3129 729 3170 V.
754 3145 789 3160 -·
818 3135 931 3173 nostrum
960 3126 1001 3172 iric
1023 3129 1053 3177 E.
1081 3129 1180 3184 (Omnes
1208 3129 1256 3174 inei

133 3194 271 3250 nostrum.)
319 3193 361 3240 41.
387 3219 409 3229 -
434 3211 465 3240 nc
484 3201 510 3242 tu
528 3197 564 3240 M.
584 3219 607 3232 -
633 3201 676 3239 ant
694 3201 721 3240 tu
738 3195 768 3239 E.

134 3300 286 3314 ...—

206 3356 248 3403 24.
269 3357 398 3403 turdorum
416 3371 446 3402 w.
493 3356 536 3402 26.
555 3358 645 3402 instetis
664 3358 766 3413 pwPW.
817 3353 858 3403 37.
875 3355 908 3401 Et
924 3355 1026 3402 Bestius
1044 3371 1082 3414 rp.
1130 3356 1171 3404 39.
1191 3359 1257 3404 venit

132 3434 246 3478 uestrum
265 3429 293 3472 de
308 3429 410 3472 Bentleii
429 3429 492 3473 coni.
516 3442 538 3472 r.
1206 3430 1209 3436 '

137 3528 287 3541 -μ

207 3586 249 3634 20.
271 3587 417 3634 Tus-durum
431 3602 506 3634 nosse
524 3587 641 3649 salivam]
661 3589 792 3648 Cognoscit
808 3589 933 3634 turdorum
947 3601 1057 3643 sapores.
1095 3589 1179 3632 Solent
1194 3591 1257 3635 enim

134 3661 231 3717 qnidam
257 3660 327 3718 gulae
348 3659 421 3703 dediti
442 3663 520 3704 tsntne
539 3659 679 3704 subtilitatis
697 3659 784 3704 habere
804 3659 923 3714 polutum,
949 3663 974 3701 ut
992 3658 1134 3715 dignoscent
1153 3660 1256 3713 turdos,

134 3743 165 3774 sn
182 3729 309 3782 cellerius,
329 3742 358 3771 en
375 3729 493 3772 terrarius
506 3725 576 3784 („Al.
597 3719 735 3773 vinarius.”
752 3725 832 3784 Pul.)
844 3727 893 3772 sit:
913 3742 942 3770 sn
959 3727 1096 3781 masculus,
1117 3741 1146 3770 sn
1158 3727 1256 3773 femina.

135 3796 283 3842 Turdorum
301 3797 361 3840 dixit
377 3797 491 3852 abusive,
511 3810 583 3854 quom
600 3797 730 3842 turdorum
749 3797 880 3850 debueret,
903 3802 928 3841 ut
943 3797 1057 3841 llos-atius
1075 3796 1111 3852 (S.
1126 3797 1149 3852 l,
1164 3794 1188 3842 5.
1202 3795 1258 3855 72.)

134 3869 219 3923 ponit:
251 3866 334 3911 Paene
352 3879 453 3910 macros
474 3866 541 3910 arsit
560 3866 620 3911 dum
645 3865 732 3912 turdos
760 3871 844 3911 versut
871 3865 898 3909 v'n
916 3865 983 3926 igni.
1027 3863 1070 3912 30.
1089 3865 1208 3926 Ingentes
1227 3867 1258 3913 ds

129 3950 216 3994 puppa
245 3933 296 3992 det]
325 3933 427 3979 Navium
456 3937 556 3980 tutelam
573 3936 648 3991 dicit,
680 3949 751 3994 quern
774 3937 798 3980 in
825 3933 942 3990 puppibus
971 3933 1058 3980 hebent
1085 3938 1122 3980 vel
1149 3937 1257 3996 pingunt.

135 4003 178 4052 3⁵.
198 4017 259 4049 ossa
277 4003 394 4064 inodora]
413 4005 469 4050 Sine
487 4007 630 4064 unguentis,
661 4007 698 4051 vel
714 4002 852 4058 inhonora,
873 4004 1012 4059 sepulturae
1025 4005 1118 4050 honore
1140 4009 1257 4053 carentis.

134 4072 179 4120 40.
198 4071 293 4122 Crasso
310 4074 432 4118 sitierunt
447 4073 570 4134 unguine]
589 4075 673 4119 solent
684 4075 777 4128 rustici,
792 4086 863 4131 quoru
877 4074 956 4118 oleum
966 4073 1083 4127 deluerit,
1104 4075 1173 4130 adipe
1187 4090 1259 4132 pecu.

134 4144 191 4188 dnm
209 4144 233 4187 in
252 4144 342 4198 pultem
357 4145 435 4187 misso
452 4157 498 4200 pro
523 4144 577 4187 oleo
596 4144 638 4187 uti.
691 4139 733 4188 ⁵5.
753 4139 865 4188 Bouillae
885 4146 941 4186 sunt
959 4143 1027 4186 vicus
1050 4144 1080 4187 erl
1108 4145 1259 4192 undecimum

133 4213 239 4267 lapidem
259 4213 350 4267 Appiae
368 4205 437 4259 vise:
470 4213 525 4270 quis
543 4213 669 4270 aliqnando
687 4213 711 4256 in
727 4211 822 4256 Albano
843 4215 924 4256 monte
944 4211 975 4255 ab
998 4224 1041 4256 arn
1061 4212 1156 4272 fugiens
1175 4219 1258 4260 tensus

134 4283 183 4326 iesu
201 4287 372 4337 consecratus,
398 4281 431 4327 ini
447 4282 631 4342 comprehensus
653 4285 698 4328 est.
734 4281 792 4326 lude
810 4279 918 4325 Bovillae
936 4281 1021 4327 diens.
