2946 4816
1212 208 1274 275 289

213 369 360 433 CXVII.
382 364 561 430 Eiusdem.
585 368 628 430 Se
641 363 758 443 sedem
780 361 1010 432 seruaturum.
1033 367 1091 444 (L.
1118 366 1150 432 3.
1171 365 1221 442 3.)

152 493 188 560 Si
211 507 284 577 post
306 495 372 555 iata
394 514 500 557 novos
523 493 641 555 animas
663 513 774 556 errare
796 514 855 575 per
877 504 964 556 artus

218 599 307 661 Vera
331 599 445 658 docent
468 593 563 656 Sentii
587 597 738 677 dogmata
762 606 836 659 uota
861 592 963 670 senis,
1009 581 1016 596 ’
1096 591 1100 601 ’

152 699 224 763 Nec
246 709 323 779 pote
347 717 432 758 urens
457 698 564 760 eadem
588 695 722 774 iuraturi,
746 717 801 760 scu
824 696 912 760 serus
936 696 1006 761 altis

217 801 315 861 Erret
338 819 416 879 apcr
439 796 527 859 silvis
549 817 605 858 seu
629 817 710 881 vaga
735 808 840 860 cantet
863 797 951 860 avis:

155 902 233 984 Ipse
256 921 320 982 ego
345 901 446 978 (tracus
468 897 617 980 quoniam
640 910 687 960 cst
711 897 765 960 arni
787 901 910 962 servire
934 899 1071 980 puellae)
1257 901 1277 964 5

217 1005 400 1086 Exsurgaru
424 1001 550 1062 maestis
572 1011 677 1062 turtur
700 1003 740 1063 ab
763 1001 936 1084 exsequiis.

153 1181 318 1245 CXVIII.
341 1177 519 1244 Eiusdem.
542 1181 583 1242 ln
605 1181 755 1240 Leonem
772 1181 818 1260 X.
837 1181 937 1242 Pout.
958 1181 1065 1243 Mox.
1089 1179 1148 1258 (L.
1171 1177 1204 1242 3.
1228 1178 1275 1258 8.)

154 1311 252 1372 Sacra
276 1309 333 1370 sub
356 1318 517 1381 extrema,
543 1306 568 1368 si
591 1306 678 1369 sorte
700 1305 880 1389 requiritis,
905 1309 985 1368 hora

217 1409 286 1475 Cur
309 1412 380 1473 Leo
404 1429 468 1471 uon
490 1408 597 1490 potuit
618 1407 769 1471 sumere?
801 1408 1009 1471 vendiderat.

153 1587 280 1652 CXIX.
303 1585 481 1650 Eiusdem.
505 1587 564 1649 Au
573 1585 747 1667 patriam,
771 1595 955 1668 antequam
969 1584 1036 1648 iret
1057 1584 1094 1648 in
1115 1583 1274 1652 exilium.

449 1691 452 1696 ’
623 1687 682 1764 (L.
706 1687 739 1750 3.
764 1687 811 1760 9.)

151 1818 358 1898 Parthcuopc
382 1815 456 1878 mihi
479 1816 560 1877 culta
586 1817 677 1890 vale,
702 1815 900 1877 blandissima
926 1815 1041 1892 Siron,

215 1922 324 2001 Atque
347 1919 433 1981 horti
457 1919 580 1979 valcant
604 1916 863 1998 Hesperidesquc
891 1928 978 1981 tuac.

152 2021 340 2104 Morgitliua
364 2020 433 2083 vale
456 2018 558 2081 nostri
580 2039 702 2081 memor
724 2030 755 2078 ct
778 2038 843 2080 mea
866 2018 969 2080 flentis

104 2165 107 2168 -
216 2124 308 2185 Serta
331 2141 429 2200 cape,
455 2120 516 2181 heu
540 2107 659 2182 domiui
682 2141 811 2183 munera
835 2141 928 2181 avara
953 2118 1012 2182 tui.

152 2223 320 2286 Maternae
343 2223 464 2285 saivcte
487 2223 637 2295 umbrae,
660 2224 781 2284 salvete
803 2233 976 2302 pateruae,

216 2319 368 2402 Accipite
390 2329 422 2382 et
445 2319 561 2382 vestris
584 2329 674 2381 turca
698 2321 779 2381 ‹loua
803 2317 901 2381 focis.

151 2424 245 2487 Neve
267 2443 347 2505 nega
371 2431 517 2503 optatos,
542 2419 652 2502 Virgo
676 2421 862 2494 Sebetlrias,
885 2441 1008 2494 aurucs;

215 2521 416 2606 Absentique
438 2532 508 2584 tuas
531 2524 584 2585 det
608 2520 682 2583 mihi
704 2543 834 2585 soruuus
858 2544 968 2606 aquas.

150 2625 218 2690 Det
239 2624 328 2686 fesso
351 2622 488 2686 aestivas
509 2626 639 2686 aunbras
662 2644 764 2704 sopor
786 2636 816 2686 ct
839 2624 917 2686 levis
934 2644 1021 2686 ,sarua

215 2725 425 2810 Fluminaque
448 2725 517 2806 ipsa
539 2746 598 2788 suo
621 2723 691 2786 leue
714 2737 828 2787 sonent
850 2723 998 2804 strepitu.
1153 2712 1178 2736 ⁸
1235 2724 1275 2782 to

154 2827 296 2892 Exilium
319 2849 388 2889 naua
412 2838 527 2908 sponte
549 2846 690 2910 aequore
715 2827 797 2890 Sors
820 2826 885 2907 ipsa
907 2826 1049 2899 favebit3

217 2929 372 2994 Fortibus
394 2929 586 3004 haecsolita
611 2940 659 2991 est
680 2949 774 3010 saepe
797 2938 830 2991 ct
852 2929 962 2992 adesse
986 2927 1061 2991 viris

151 3034 197 3097 Et
219 3033 291 3096 rnihi
314 3043 385 3095 suut
408 3031 542 3095 comites
565 3033 701 3106 Musae,
726 3041 800 3093 siant
821 3029 946 3094 narmina
969 3041 1073 3094 vatuu.

216 3135 260 3196 Et
283 3155 370 3196 mens
393 3132 475 3195 iacta
497 3130 562 3196 suis
585 3134 703 3216 gaudet
725 3135 764 3194 ab
787 3130 954 3213 aruspiciis3

151 3235 381 3319 Blanditurque
405 3233 498 3300 animi
520 3244 670 3298 constans
692 3234 866 3310 sententia,
892 3232 1035 3317 quamvis
1130 3283 1133 3288 ,
1234 3235 1274 3298 15

215 3335 314 3402 Exilii
336 3335 481 3400 meritum
502 3335 543 3400 sit
564 3336 639 3401 satis
661 3333 729 3418 ipsa
751 3335 844 3398 fides.

237 3495 346 3560 CXX.
389 3492 609 3578 castiglionii
630 3489 671 3556 de
693 3501 804 3554 morte
826 3491 1011 3574 Replicatis
1031 3489 1189 3574 pictoris.

151 3623 251 3705 Quod
271 3622 410 3686 lacerum
434 3643 552 3703 corpus
576 3621 694 3689 medica
717 3631 887 3707 sanaverat
909 3632 977 3682 arte

225 3722 456 3806 Hippolytum,
481 3722 602 3807 Stygiis
625 3733 656 3785 et
678 3734 849 3786 revocarat
871 3721 980 3806 aquis,

154 3827 212 3893 Ad
233 3825 361 3909 Stygias
383 3824 451 3907 ipse
474 3834 524 3887 cst
545 3834 656 3906 raptus
678 3813 871 3906 Epidaurius
894 3825 1012 3886 undana
1067 3855 1070 3862 ·

108 3923 113 3930 ’
218 3925 273 3988 Sic
294 3926 433 4009 pretium
454 3924 539 3988 vitae
562 3945 650 3988 mors
671 3925 733 3989 ruit
754 3924 883 3988 artifici.

156 4028 209 4091 Tu
233 4048 379 4112 quoquc,
405 4029 478 4090 dnm
500 4038 572 4091 toto
594 4026 739 4090 laniatam
762 4045 904 4109 corpore
928 4025 1063 4088 Romam
1254 4024 1273 4088 5

220 4128 398 4211 Componis
420 4128 522 4205 miro,
547 4130 713 4211 Rapha'e'l,
739 4128 894 4213 iugenio:

152 4232 262 4316 Atque
285 4230 383 4295 Urbis
406 4231 544 4296 lacerum
566 4231 657 4296 ferro
670 4275 680 4311 ‚
704 4230 773 4316 igni
796 4229 947 4314 annisque
969 4232 1108 4298 cadaver

194 4332 286 4387 natam
301 4329 409 4374 noane
480 4399 482 4404 Ι
1017 4331 1056 4393 19
