2964 4814
219 211 281 276 111

221 367 266 432 Ut
287 359 415 426 missurn
437 355 548 439 sponsi
569 350 692 416 l'urtivo
717 367 846 410 meruere
863 343 977 408 malum

284 459 459 528 Procurrit
480 466 569 520 casto
594 449 732 536 virginis
754 471 771 512 e
795 445 938 530 gremio,

221 566 321 646 Quod
341 561 475 623 miserae
496 555 616 622 oblitae
638 550 727 616 molli
750 551 809 612 sub
833 558 919 609 veste
942 545 1100 622 locatum,

213 663 220 679 '
285 657 376 729 Dum¹
393 664 530 722 adventu
552 654 663 717 matris
684 648 834 735 prosilit,
857 643 1037 710 excutitur:

223 769 332 850 Atque
353 762 432 825 illud
453 779 559 841 prono
578 773 732 838 praeceps
754 749 861 834 agitur
882 751 1034 820 decursu,

288 863 374 930 Huic
395 871 498 924 manat
519 857 603 921 tristi
627 853 774 919 conscius
797 872 855 915 ore
877 852 993 913 rubor.

517 1043 579 1106 nn
605 1039 743 1104 conia
767 993 1054 1100 naunurcns'

228 1168 345 1237 Omnia
363 1166 421 1252 qui
443 1161 549 1246 magni
574 1156 712 1241 dispexit
733 1154 849 1218 lumina
869 1151 993 1228 mundi,

290 1269 355 1350 Qui
376 1266 537 1330 stellarum
562 1272 652 1325 ortus
675 1255 835 1339 comperit
858 1266 953 1338 atque
976 1252 1102 1317 obitus:

190 1366 193 1377 ⁴
227 1372 406 1436 Flammeus
425 1377 458 1428 ut
479 1362 585 1445 rapidi
609 1360 686 1424 solis
709 1359 796 1421 nitor
818 1359 1026 1428 obscuretur,

290 1475 334 1535 Ut
360 1471 470 1532 cedant
492 1462 588 1527 certis
610 1461 715 1524 sidera
736 1457 953 1540 temporibus,

228 1576 273 1640 Ut
294 1571 439 1635 Triviam
461 1565 570 1630 furtim
593 1565 651 1626 sub
672 1561 799 1623 Latmia
822 1580 898 1620 saxa
916 1557 1085 1639 rclegans,

292 1670 406 1736 Dulcis
430 1689 520 1730 amor
545 1686 628 1748 gyro
649 1666 785 1724 devocet
806 1659 918 1722 a'e'rio:

228 1776 317 1836 Idem
338 1792 387 1832 mc
408 1769 461 1830 ille
485 1767 604 1830 Conon
625 1761 753 1826 caelesti
773 1782 900 1822 munere
924 1758 1005 1820 vidit

293 1875 322 1934 E
347 1867 529 1932 Beroniceo
555 1864 677 1927 vertice
701 1862 872 1924 caesariem

230 1973 420 2055 Fulgentem
443 1969 548 2031 clare:
574 1988 665 2050 quam
688 1962 793 2025 multis
817 1963 871 2024 illa
891 1965 1036 2036 dearum,

292 2070 394 2135 Levia
414 2071 607 2152 protendens
630 2065 764 2128 brachia
783 2063 978 2146 pollicitast:
1305 2065 1346 2124 10

236 2259 237 2264 =
282 2278 663 2356 29.Atpneilliuevoss.tlodd.
701 2290 1194 2350 tnpreeeepsdepingiturnoea.eont.
1233 2285 1345 2336 itinn

229 2368 300 2413 Aldu.
316 2381 344 2434 ex
356 2368 400 2410 Ar.
415 2366 507 2410 emend.

605 2487 647 2530 DE
667 2484 759 2530 COMtt
776 2483 966 2528 obsistens,

283 2577 414 2632 (Consului
433 2587 493 2619 nunc
512 2575 583 2617 etiarn
602 2573 709 2617 libellum
727 2573 762 2616 sic
779 2572 934 2626 inscriptum:
954 2570 993 2614 De
1006 2567 1032 2616 C.
1048 2568 1146 2614 Valerii
1157 2566 1249 2614 Catulli
1260 2571 1346 2630 elegia

231 2643 400 2691 Callimaehers
423 2643 570 2686 dissertatio
596 2642 704 2685 critica:
737 2641 842 2698 scripsit
865 2641 1008 2684 Freneiseus
1029 2633 1219 2697 Buueggeman'n.
1247 2639 1344 2684 Susats'.

233 2727 373 2759 sincccxu.
395 2710 420 2755 8.
440 2712 534 2768 signavi
549 2707 608 2765 Be.)

247 2816 250 2826 .
286 2782 308 2827 l.
338 2780 451 2836 dispexit
483 2777 643 2833 calphurnius
676 2774 751 2822 1181.
791 2800 825 2811 -
860 2777 978 2834 despexit
1009 2778 1084 2822 Codd.
1112 2776 1158 2820 Ed.
1193 2778 1270 2832 princ.
1301 2774 1346 2832 (ut

231 2852 304 2894 Lucr.
320 2848 351 2903 2,
371 2846 429 2893 712.
450 2847 581 2905 caecigeni
599 2847 641 2904 qni
658 2847 720 2888 solis
735 2847 832 2889 lumina
850 2861 977 2904 utinquam
995 2846 1134 2902 despexere
1153 2846 1344 2890 weneinici.

233 2924 290 2963 vett.
305 2919 368 2960 dedit
377 2930 420 2970 pro
429 2916 473 2958 Ar.
488 2914 638 2970 dispexere,
652 2919 675 2958 et
687 2914 771 2958 lsarnb.
785 2915 931 2972 aspexere).
945 2939 976 2950 -
994 2914 1130 2972 descripsit
1138 2915 1216 2958 senii.
1231 2914 1266 2958 lb.
1281 2928 1346 2958 moe·

231 2988 275 3030 niu
288 2989 361 3032 Voss.
386 2984 467 3036 „Sed,
488 2987 587 3036 ainabo,
607 2998 636 3026 an
653 2984 712 3036 apud
729 2997 870 3040 quemquam
890 2989 1013 3039 po'e'tarurn
1029 2998 1136 3037 repertas
1157 2985 1242 3027 ornniu
1259 2983 1347 3026 raaudi

232 3053 350 3098 moenia?
370 3053 433 3108 Quot
451 3053 513 3094 enini
532 3049 625 3094 sunt?¹'
644 3052 721 3095 Benti.
772 3051 796 3096 2.
818 3052 900 3097 abitus
918 3055 994 3096 Codd.
1012 3055 1111 3108 aliquot.
1168 3052 1191 3096 5.
1211 3045 1346 3115 Λάτμιον

230 3115 341 3189 ἄντρον
359 3122 439 3174 ΑροΙΙ.
456 3120 534 3163 Rbod.
549 3117 578 3173 l,
594 3119 635 3164 57.
655 3121 678 3163 in
695 3121 766 3163 Caria
786 3135 809 3165 r.
823 3123 932 3165 Visconti
951 3124 1036 3165 Museo
1054 3121 1190 3164 Pio-Clesn.
1209 3119 1233 3164 1.
1254 3121 1284 3163 Τ.
1304 3118 1345 3164 16.

197 3215 204 3230 i
231 3205 254 3246 p.
272 3188 466 3233 1111111111.
505 3189 540 3231 lb.
558 3189 679 3248 *scituris
694 3191 724 3232 Y.
741 3189 786 3234 Ed.
807 3205 844 3244 pr.
866 3192 925 3233 unde
943 3191 1003 3233 Cod.
1020 3190 1101 3233 Paris.
1119 3195 1141 3233 et
1157 3191 1228 3232 Voss.
1249 3211 1281 3222 -
1300 3189 1346 3232 sub

231 3258 322 3302 Lamse
336 3259 351 3300 i.
367 3273 388 3300 e.
411 3257 465 3313 tuga
485 3254 560 3300 Oetae
579 3263 681 3310 snontrs,
702 3261 730 3300 ad
744 3261 809 3301 cuius
823 3261 915 3302 radices
929 3259 974 3301 sita
997 3263 1047 3301 erat
1067 3259 1123 3300 urbs
1136 3258 1227 3304 Laruis.
1266 3247 1289 3302 6.
1306 3258 1346 3316 gi·

232 3325 321 3372 rodero
336 3327 363 3368 Y.
378 3327 409 3368 at.
425 3326 535 3379 ap.Stat.
557 3349 588 3358 -
607 3340 675 3385 gyro
688 3327 733 3370 Ed.
748 3325 822 3373 titt.
843 3351 876 3360 —
895 3329 957 3370 cliro
970 3327 1014 3370 Ed.
1030 3324 1104 3370 1t81.
1121 3329 1195 3370 Voss.
1217 3349 1250 3360 -··
1268 3339 1353 3370 curras·

231 3397 328 3440 senten.
351 3393 380 3437 Ut
392 3389 484 3460 γῦρον
496 3390 549 3456 τῆς
560 3391 615 3457 γῆς
631 3397 719 3440 tesaias
734 3391 780 3446 tt),
799 3393 840 3438 22.
862 3398 894 3438 tta
906 3391 998 3461 γῦρον
1010 3389 1125 3461 pepios,
1146 3409 1246 3452 greum,
1261 3396 1346 3438 orbern

233 3465 292 3518 caeti
309 3465 398 3505 dixisse
413 3465 505 3506 videtur
522 3464 690 3507 Callimachus.
730 3461 753 3506 1.
769 3455 805 3509 Ἦ
820 3475 856 3524 με
875 3459 978 3510 Κόνων
996 3457 1125 3525 ἔβλεψεν
1144 3464 1175 3511 έν
1193 3458 1273 3528 ἠέρι,
1293 3458 1346 3511 τὸν

230 3529 387 3598 Βερενίκης
397 3526 575 3600 βόστρυχον,
595 3525 631 3580 ὃν
649 3531 730 3592 κείνη
749 3529 838 3578 πᾶσιν
856 3523 946 3593 ἔθηκε
964 3528 1053 3590 baurg.
1075 3533 1173 3576 Catum.
1196 3554 1224 3564 -
1244 3533 1348 3576 caelesti

234 3614 336 3643 inuuere
350 3600 424 3646 Ccdd.
436 3600 481 3642 Ed.
496 3602 650 3653 pnncsSant.
666 3623 698 3632 -
714 3601 848 3641 caelestum
861 3613 962 3642 mernere
976 3602 1060 3652 Valet,
1082 3625 1114 3634 —
1132 3601 1235 3644 caelesti
1245 3601 1347 3644 nurnine

234 3670 310 3712 Codd.
322 3669 381 3712 Stat.
399 3670 451 3711 Sili.
463 3669 560 3711 Lachur.
572 3670 623 3726 111.Ι
634 3687 668 3698 -
686 3668 1006 3722 111111111111111011111.
1022 3671 1086 3713 coni.
1101 3671 1171 3714 rose.
1193 3693 1224 3702 —
1243 3669 1348 3715 scelesti

232 3737 258 3781 in
274 3738 367 3779 lumine
383 3739 455 3780 Voss.
469 3739 543 3790 Vntp.
556 3759 587 3770 —-
607 3736 710 3778 caelesti
722 3736 747 3777 in
760 3736 848 3778 limine
862 3737 944 3780 lieins.
989 3735 1013 3786 8.
1033 3736 1187 3783 Beroniceue
1199 3739 1259 3782 Fab.
1276 3737 1345 3793 prob.

233 3807 334 3848 Valck..
357 3806 398 3848 sed
417 3806 558 3848 refelluntur
577 3802 673 3859 antiqua
692 3807 832 3847 curiositate
852 3805 958 3850 Cornelii
975 3806 1038 3850 Galli
1058 3809 1096 3863 qui
1115 3809 1176 3850 falso
1195 3807 1286 3860 fertur,
1307 3820 1345 3860 sp.

234 3874 388 3918 Wernsdori.
407 3875 479 3933 Post:
499 3873 527 3914 1..
549 3872 606 3914 inin.
623 3869 682 3926 3.p.
705 3870 762 3917 197.
783 3872 804 3916 E
822 3871 960 3918 Bereniceo
977 3874 1107 3919 detonsum
1125 3876 1215 3919 vertice
1235 3877 1345 3928 crinem,

231 3941 322 3986 Retulit
340 3943 456 3985 esuriens
475 3938 589 3984 Graecus
608 3940 635 3983 in
653 3947 725 3984 astru
743 3939 834 3986 Conon.
855 3943 917 3996 (cta.
933 3944 983 3988 lus.
1004 3941 1033 3998 3,
1055 3942 1110 3998 69.)
1138 3947 1285 3998 Scriptorum
1300 3941 1347 3986 Bs-

232 4012 316 4055 roniee
336 4011 442 4065 praefert
459 4008 564 4052 Niebuhr
581 4007 689 4068 Opusce.
703 4011 732 4054 Τ.
750 4011 772 4054 1.
792 4025 814 4065 p.
828 4008 887 4055 237.
906 4011 1032 4082 Βερνίκη
1049 4018 1085 4056 cst
1104 4014 1164 4067 aptul
1183 4013 1271 4056 Lucani
1290 4011 1345 4056 Act».

231 4080 278 4136 Ap.
294 4077 341 4131 25,
357 4075 398 4121 23.
420 4077 449 4119 Η.
465 4077 481 4119 l.
497 4079 603 4134 plerique
618 4081 725 4122 scribunt
742 4077 888 4124 Bereniceo.
909 4082 944 4136 lta
960 4096 981 4126 v.
1002 4078 1040 4128 60,
1060 4081 1213 4126 Ariadnaeis
1230 4080 1346 4137 tempori-

231 4149 286 4195 bus.
306 4147 375 4204 Eteg.
390 4147 419 4187 ad
435 4147 512 4194 Mani.
530 4144 570 4190 ll.
590 4146 771 4192 Protesilci'nm
784 4175 793 4184 ·
808 4173 817 4184 ·
830 4148 938 4194 dotatum.
994 4149 1018 4196 9.
1038 4149 1142 4194 dearum
1155 4151 1230 4194 (iord.
1252 4162 1345 4194 coines.

233 4216 293 4260 Edd.
307 4219 362 4258 vett.
377 4213 448 4257 Fosc.
460 4213 557 4260 Lachm.
571 4217 643 4262 Web.
661 4238 689 4249 —
703 4219 859 4263 decentiores
873 4220 930 4276 aliq.
945 4218 1005 4263 Edd.
1022 4217 1124 4264 deorum
1133 4250 1140 4273 ,
1158 4214 1344 4275 proposuit.
