2946 4816
213 219 276 284 208

213 375 304 442 Scire
326 388 394 442 erat
417 373 449 440 in
474 383 570 451 vot03
595 375 746 440 damnosa
770 373 914 439 canicule
940 385 1090 462 quantum

211 482 373 556 Redemit
399 487 551 562 angustae
572 477 659 543 collo
686 497 751 542 non
776 476 883 542 ultiu-
909 495 1024 552 orcse;

212 584 285 647 Neu
309 579 379 667 quis
402 578 547 646 callidior
570 581 691 644 buxum
713 591 868 666 torquere
889 579 1036 665 flagello.
1059 615 1102 626 -

212 687 307 750 Haud
328 683 386 749 tibi
407 683 608 765 inexpertum
631 702 752 747 curvos
774 684 972 764 deprendere
995 703 1120 761 mores,

212 788 366 874 Quaeque
384 788 481 852 docet
502 784 628 869 sepiens
649 783 809 849 braccatis
830 785 907 849 illita
931 785 1038 850 Medis

211 890 381 964 Porticus;
404 886 556 953 insomnis
578 886 693 974 quibus
716 900 747 952 et
769 890 900 953 detonsa
922 887 1071 954 iuventus

211 993 381 1078 Invigilat,
405 991 527 1076 siliquis
550 1003 582 1056 et
605 993 718 1077 grandi
740 1001 830 1074 pasta
853 991 994 1076 polenta.

211 1097 256 1161 Et
277 1095 353 1172 tibi,
378 1115 459 1181 quse
482 1093 607 1159 Samios
630 1093 754 1158 diduxit
775 1093 866 1158 litera
889 1115 1015 1172 remos,

212 1199 402 1283 Surgentem
424 1200 541 1262 dextro
565 1196 753 1263 monstrarit
773 1196 871 1262 limite
893 1197 1020 1263 callem.

212 1302 327 1366 Stertis
350 1299 477 1366 adhuc?
499 1299 671 1385 laxumque
694 1311 790 1383 caput
812 1321 970 1385 compage
991 1301 1098 1367 soluta

214 1403 339 1470 Orcitut
361 1405 563 1492 hesternum,
588 1402 714 1467 dissutis
736 1403 875 1489 undique
897 1403 1010 1468 melis?

211 1509 271 1581 Est
293 1505 497 1592 aliquidque
520 1505 624 1570 tendis
646 1503 729 1569 etin
753 1508 841 1592 quod
862 1505 974 1592 dirigis
997 1505 1136 1571 arcum?
1295 1509 1344 1571 60

212 1613 264 1675 An
287 1609 403 1694 passim
426 1609 572 1696 sequeris
594 1629 714 1674 corvos
737 1619 881 1695 testeque
903 1609 1056 1696 lutoque,

211 1715 349 1778 Securus
373 1734 438 1797 quo
460 1733 518 1795 pee
540 1713 644 1788 ieret,
669 1722 764 1795 etque
787 1732 828 1776 ex
850 1722 996 1794 tempore
1018 1710 1128 1784 vivis?

210 1816 422 1879 Hellsborum
444 1814 584 1892 frustra,
608 1835 705 1898 quom
728 1813 789 1878 iam
812 1812 892 1878 cutis
916 1835 1013 1901 aegre
1035 1815 1187 1892 tumebit,

211 1919 388 1984 Poscentes
412 1917 533 1982 videas.
576 1914 730 1981 Venienti
752 1915 914 1982 occurrite
937 1919 1066 1983 morbo.

212 2019 341 2106 Ecquid
362 2041 443 2104 opus
466 2018 605 2085 Cratero
629 2040 762 2104 magnos
783 2017 974 2102 promittere
997 2019 1146 2086 montes?
1292 2023 1340 2088 65

211 2123 353 2200 Discite,
379 2144 400 2189 o
422 2122 551 2199 miseri,
575 2133 606 2186 et
628 2142 740 2186 causes
762 2122 952 2208 cognoscite
974 2144 1100 2200 rerum,

211 2225 300 2309 Quid
320 2247 428 2290 sumus
450 2239 482 2289 et
504 2227 653 2310 quidnam
676 2222 794 2289 victuri
816 2225 1001 2311 gignimur?
1023 2229 1106 2293 ordo

211 2327 291 2412 Quis
314 2333 405 2393 datus
428 2341 481 2394 sert
503 2340 603 2393 metae
626 2350 689 2413 que
712 2328 815 2394 mollis
837 2329 941 2392 flexus
963 2340 996 2394 et
1018 2329 1127 2394 unde?

211 2432 293 2515 Quis
317 2434 429 2498 modus
451 2430 613 2517 argento?
636 2430 712 2516 quid
732 2432 781 2495 fas
805 2431 948 2514 optare?
969 2431 1046 2518 quid
1068 2453 1163 2515 asper

209 2534 296 2600 Utile
319 2556 462 2598 nummus
484 2532 605 2597 habet?
627 2531 750 2616 patriae
773 2531 918 2619 carisque
939 2534 1129 2621 propinquis
1294 2537 1340 2600 70

211 2636 371 2718 Quantum
394 2635 525 2721 elargiri
547 2633 682 2700 deceat?
705 2656 799 2721 quem
821 2646 853 2700 te
875 2637 952 2700 deus
975 2658 1044 2700 esse

211 2736 311 2804 lussit
333 2749 364 2803 et
385 2740 519 2804 humans
541 2759 603 2824 que
625 2749 716 2822 parte
738 2737 862 2802 locatus
884 2759 917 2802 es
938 2737 971 2802 in
992 2760 1049 2816 re,

209 2840 309 2907 Disce
330 2861 433 2927 neque
454 2840 621 2919 invideas,
646 2843 734 2926 quod
756 2839 853 2904 mults
875 2839 981 2905 fidelia
1001 2850 1092 2924 putet

278 3070 321 3119 50.
341 3096 374 3108 -
391 3070 514 3119 dissideret
533 3075 565 3119 V.
616 3072 657 3120 51.
678 3097 710 3108 -
728 3070 781 3119 Nee
796 3071 852 3132 quis
870 3071 901 3121 E.
946 3069 994 3118 52.
1016 3081 1048 3116 =
1067 3069 1138 3118 Haut
1153 3073 1187 3122 V.
1233 3073 1271 3119 lle.
1291 3071 1337 3120 de-

208 3140 343 3201 prendere]
372 3142 447 3189 RVA.
475 3165 504 3177 -
533 3139 718 3201 deprehendere
740 3143 820 3188 ΤΕΜ.
842 3163 872 3176 -
892 3139 1074 3200 reprehendere
1093 3143 1119 3188 S.
1181 3138 1223 3190 51.
1243 3150 1339 3190 -est

210 3208 270 3268 (sic)
297 3210 404 3258 detensa
431 3213 462 3257 R.
491 3235 525 3246 —
554 3212 643 3272 quidus
668 3211 803 3259 indetonsa
833 3212 864 3256 T.
895 3232 925 3244 -·
956 3209 1045 3271 quibus
1073 3217 1105 3257 et·
1120 3209 1254 3257 indetonsn
1278 3213 1335 3259 SM.

211 3276 253 3328 56.
273 3280 386 3341 diduxit]
405 3281 481 3328 Godd.
501 3282 576 3328 idern.
598 3301 628 3314 -
648 3281 757 3328 &duxit
777 3281 867 3328 Omnes
886 3281 944 3325 susi.
1001 3278 1047 3326 57.
1066 3304 1099 3316 -
1118 3287 1286 3328 monstratum
1303 3283 1336 3328 Τ.

210 3350 246 3395 llr.
262 3375 295 3386 --
306 3351 394 3397 coliem
406 3352 438 3397 V.
476 3349 518 3398 58.
529 3375 562 3386 -
573 3351 720 3411 lapsumque
740 3352 794 3397 SM.
833 3345 874 3398 60.
889 3369 921 3386 -
933 3347 1011 3394 Estne
1027 3349 1125 3410 aliqueici
1138 3350 1168 3396 A.
1189 3371 1225 3384 -
1241 3351 1270 3396 in
1287 3365 1337 3412 quo

210 3418 300 3466 Omnes
319 3421 376 3466 snei.
426 3418 467 3466 61.
488 3445 522 3456 --
540 3423 654 3482 sequeris
672 3421 772 3479 poesim
791 3420 821 3466 A.
873 3416 914 3465 65.
933 3420 1103 3466 -tumescit
1121 3421 1152 3470 R.
1175 3441 1205 3454 -
1225 3421 1340 3466 tumebat

210 3491 241 3533 V.
279 3490 316 3536 lb.
336 3485 448 3552 Ecquid]
467 3492 506 3536 Sic
525 3491 622 3546 scripsi.
641 3513 675 3524 -
692 3487 726 3534 Et
737 3489 798 3549 quid
813 3489 889 3535 Codd.
906 3488 968 3537 ΕΜ.
1008 3485 1050 3534 66.
1070 3488 1178 3545 Discite,
1199 3503 1215 3534 o
1232 3489 1336 3550 miseri]

125 3601 128 3606 .
210 3559 287 3606 Codd.
317 3562 365 3607 mei
392 3565 416 3606 et
443 3562 478 3605 Μ.
499 3561 540 3618 (Τ.
564 3560 615 3607 ste:
646 3558 746 3605 Discite
767 3572 782 3604 o
803 3573 838 3604 m.
857 3556 975 3615 causas.)
992 3579 1026 3590 —
1043 3557 1143 3604 Discite
1164 3565 1225 3605 eto
1244 3561 1339 3606 mireri

209 3642 304 3675 causas
325 3630 355 3676 A.
383 3653 416 3664 -
445 3629 591 3691 Disciteque
608 3643 623 3675 o
640 3643 675 3674 m.
698 3642 770 3677 caus.
794 3629 895 3687 Foqnel.
950 3625 991 3673 67.
1010 3647 1042 3664 -
1061 3634 1085 3673 et
1102 3627 1233 3688 quidnam]
1251 3632 1285 3676 V.
1304 3651 1337 3687 :-

210 3704 255 3743 aut
265 3699 384 3760 quidnam
397 3699 537 3745 TRESAM.
558 3700 595 3749 lh.
609 3721 635 3734 -
649 3699 741 3745 victuri
751 3693 883 3743 noscimur
895 3697 926 3742 A.
940 3694 981 3742 68.
993 3697 1112 3744 -datar
1128 3698 1204 3744 118Μ.
1217 3699 1254 3744 lis.
1267 3723 1301 3734 —
1314 3705 1342 3745 et

209 3773 289 3813 metae
299 3771 330 3816 Τ.
349 3770 386 3816 lh.
398 3793 431 3805 -
443 3767 501 3829 qua]
518 3770 547 3814 F.
565 3769 641 3814 Codd.
656 3767 714 3826 aliq.
729 3767 808 3812 Plnm.
823 3791 854 3802 -
868 3779 942 3827 quarn
954 3765 1045 3812 Omnes
1060 3768 1118 3816 mei.
1138 3767 1176 3813 lb.
1192 3789 1221 3802 -
1235 3768 1340 3816 mediiis

209 3838 246 3882 Μ.
269 3860 298 3872 -
323 3839 415 3902 fluxus
436 3839 486 3884 ΤΑ.
507 3841 541 3892 (et
561 3836 626 3884 unde
645 3837 736 3884 Omnes
759 3833 830 3892 mei.)
868 3835 909 3883 71.
931 3859 964 3871 -
981 3837 1079 3898 largiri
1096 3837 1150 3884 TA.
1171 3838 1338 3902 -elargire

210 3905 297 3954 debeat
315 3910 351 3954 Μ.
390 3906 432 3956 73.
451 3929 482 3946 -
499 3921 545 3954 nee
563 3909 615 3954 ins.
635 3908 687 3980 illl.
707 3907 746 3952 lb.
760 3930 794 3941 -
809 3911 896 3966 periret
913 3905 949 3952 Μ.

214 4029 363 4043 ἡ

280 4105 323 4153 52.
342 4106 503 4166 inexpertum
521 4113 560 4153 est
577 4121 601 4163 p.
652 4106 695 4154 56.
714 4105 821 4154 deduxit
839 4107 927 4164 probet
942 4121 974 4154 w.
991 4109 1015 4153 in
1033 4108 1124 4154 Annot.
1161 4105 1204 4154 58.
1223 4108 1338 4155 lassum-

210 4189 256 4234 que
277 4189 301 4231 p.
340 4172 645 4238 65.uequidrp1³ww.
697 4175 737 4224 66.
757 4176 871 4235 Discite,
891 4178 917 4223 io
933 4177 1041 4233 miseri,
1060 4182 1085 4223 et
1100 4192 1122 4227 c.
1141 4191 1165 4224 r.
1186 4198 1217 4210 -
1235 4177 1337 4226 Discite

211 4249 257 4357 :isi
270 4245 408 4370 qpmiseri,
427 4260 451 4292 e.
470 4261 502 4334 p.¹
545 4244 587 4293 68.
607 4248 784 4308 quammultis
808 4249 904 4306 rpr.
954 4247 991 4294 lh.
1012 4252 1038 4294 ut
1056 4245 1142 4296 unde?
1158 4261 1181 4293 r.
1240 4245 1282 4298 73.
1302 4271 1337 4284 -
