2948 4820
372 1043 727 1128 TYPTAIOY
745 1041 1079 1130 ΕΛΕΓΕΙΑΙ
1101 1045 1246 1127 AYO.

789 1444 907 1508 1‚,

241 1605 355 1692 Ἀλλ’,
372 1605 568 1701 Ἡρακλῆος
591 1606 655 1700 γάρ
681 1605 839 1691 ἀνικήτου
860 1611 953 1696 γε’νος
978 1609 1066 1688 ε’στέ,

305 1707 485 1802 θαρσεῖτ’,
507 1710 597 1779 οὐπω
620 1709 701 1789 Ζεύς
727 1709 848 1798 αὐχένα
873 1707 970 1790 λοξὸν
991 1707 1065 1796 ἕχει.

242 1808 336 1894 Μηδ
360 1809 487 1902 ἀνδρῶν
508 1811 644 1894 πληθύν
665 1816 856 1899 δειμαίνετε,
877 1813 959 1898 μηδὲ
982 1813 1168 1902 φοβεῖσθε,

305 1911 388 1993 ι’θύς
409 1913 441 1980 δ’
466 1911 511 1992 είς
533 1909 723 2003 προμάχους
745 1911 860 1980 ἀσπίδ’
886 1910 968 2002 ἀνὴρ
991 1914 1106 1998 ἐχέτω,

241 2015 370 2105 ἐχθράν
388 2023 448 2102 μὲν
469 2013 580 2108 ψυχὴν
602 2019 760 2100 θέμενος,
782 2010 939 2081 θανάτου
959 2017 993 2079 δὲ
1015 2014 1172 2099 μελαίνας
1345 2019 1363 2078 5

304 2120 407 2208 κῆρας
429 2113 487 2185 ὐπ’
512 2115 709 2202 αὐγαῖσιν)
689 2114 811 2198 ιἐλίοιο
837 2119 948 2208 φίλας.
1269 2151 1271 2155 v
1313 2133 1315 2138 '

232 2215 378 2292 Ἵστε
328 2246 424 2340 γαρ,
446 2215 489 2298 ὡς
499 2217 626 2308 Ἀρεως
647 2215 940 2310 πολυδακρύτου
921 2243 978 2304 εργ
980 2211 1150 2297 ἀίδηλα,

305 2309 340 2388 εὐ
363 2319 395 2389 δ’
420 2319 519 2409 όργην
540 2317 651 2402 λδάητ’
676 2317 841 2406 ἀργαλέου
862 2323 1023 2406 πολέμου

240 2421 400 2512 καὶπρὸς
421 2420 609 2516 φευγόντων
631 2447 663 2488 τε
686 2417 923 2488 διωκόντων’
892 2446 910 2486 τ
947 2423 1118 2505 ἐγένεσθε,

304 2513 434 2602 ἀνίοι,
457 2519 706 2616 ἀμφοτέρωνδ
733 2519 779 2599 εἰς
800 2519 941 2611 κόρονγ
922 2517 1076 2603 ηλάσατε.

244 2623 368 2693 θ’ίὲν
307 2633 368 2713 μὲν
391 2623 456 2746 γάρ
477 2627 638 2713 τολμῶσι,
659 2649 727 2750 παρ
732 2619 940 2742 ’ἀλλιχλοισι
959 2626 1128 2742 μένοντες,

263 2741 268 2759 ·
302 2731 348 2804 είς
373 2723 404 2792 τ’
427 2724 640 2814 αὐτοσχεδίην
661 2732 718 2792 καὶ
742 2722 933 2816 προμάχους
956 2722 1057 2805 ἰέναι,

238 2824 438 2919 παυρότεροι
460 2827 665 2911 θνήσκουσι,
690 2824 811 2896 σάονσι
837 2830 872 2894 δὲ
898 2827 994 2894 λαὸν·
1006 2824 1145 2894 ὀπίσσω·

301 2926 506 3018 τρεσσάντων
527 2927 559 2998 δ’
586 2927 713 3020 ἀνδρῶν
737 2924 820 3008 σάσ’
846 2923 993 2996 ἀπόλωλ’,
1014 2923 1123 3018 ἀρετή.

243 3025 355 3108 Οὐδεὶς
380 3029 422 3098 ἀν
446 3056 525 3100 ποτε
545 3035 650 3100 ταῦτα
672 3035 774 3117 λέγων
796 3027 941 3098 ἀνύσειεν
962 3033 1101 3111 ἕκαστα,

303 3125 380 3198 ίίσσ’
390 3131 461 3214 ,ἢν
483 3130 606 3220 αἰσχρά
630 3129 748 3228 πάθη,
767 3135 922 3219 γίγνεται·
938 3128 1033 3223 ἀνδρὶ
1056 3127 1153 3200 κακά.

238 3233 418 3321 ’Λργαλέον
439 3233 507 3353 γάρ
528 3233 653 3302 ὄπισθε
673 3231 880 3358 μετάφρενόν
906 3237 975 3300 ἐστι
999 3238 1121 3315 δαΐζων

301 3331 422 3426 ἀνδρὸς
446 3333 625 3430 φεύγοντος
647 3339 767 3428 δηίω
752 3362 785 3404 εν
809 3327 948 3428 πολίωω.

135 3493 141 3500 .
242 3433 386 3556 Αίσχρός
411 3434 443 3506 δ’
472 3441 540 3506 ἐστὶ
565 3442 656 3518 νέκυς
678 3439 907 3525 κατακείμενος
928 3440 961 3504 ἐν
984 3437 1144 3531 κονίησιν.

300 3541 403 3608 νῶτον
426 3536 550 3661 ὅπισθ
573 3537 672 3636 αι’χμη
657 3537 815 3642 δουρός
837 3542 1041 3636 ἕληλαμένος.

238 3637 347 3708 Ἀλλά
368 3665 419 3720 τις
440 3624 474 3709 εὐ
501 3632 636 3770 διαχλάς
645 3647 765 3731 μενέτω
787 3647 885 3709 ποσὶν
906 3639 1145 3759 ἀμφοτέροισιν

301 3747 534 3834 στηριχθεὶς’
518 3749 568 3812 επὶ
593 3772 670 3830 γης,
689 3749 799 3834 χειλος
820 3739 935 3810 ὀδοῦσι
957 3739 1081 3824 δακών,

237 3839 363 3935 μόρους
387 3871 419 3912 τε
443 3841 567 3933 κνήμας
590 3872 622 3914 τε
644 3843 732 3914 κάτω
756 3853 813 3914 καὶ
836 3849 954 3935 στέρνα
977 3851 1030 3913 καί
1056 3841 1170 3934 ἀμοος

301 3943 441 4026 ἀσπίδος
464 3945 585 4040 εὐρείης
605 3954 725 4041 γαστρὶ
747 3942 991 4035 καλυψάμενος.

241 4047 391 4144 Λεξιτερῇ
414 4046 445 4116 δ’
474 4052 507 4116 ἐν
525 4057 610 4142 χειρὶ
633 4055 811 4142 τινασσὲτω
835 4041 975 4140 ὄβριμον
995 4049 1103 4138 ἔγχος,
1198 4097 1204 4104 ,

301 4173 425 4216 κινειτω
448 4153 482 4216 δὲ
506 4148 613 4243 λόφον
634 4151 740 4220 δεινὸν
762 4147 843 4242 ὑπὲρ
871 4141 1048 4243 κεφαλῆς·Ι

239 4247 341 4335 ἔρδων
365 4245 397 4315 δ’
423 4247 547 4336 ὅβριμα
569 4253 649 4342 ἔργα
673 4255 885 4322 διδασκέσθω
908 4253 1102 4340 πολεμίζειν,
