2946 4816
1170 233 1234 298 tot

116 403 364 488 censoremque
380 411 467 468 taum
490 402 542 466 vel
565 391 653 487 ipuod
675 395 820 466 trabeate
842 396 985 466 salutas?

113 505 346 594 Adnpopulum
368 506 530 589 phaleras.
575 507 653 586 Ego
675 515 707 570 te
729 505 813 570 intus
835 515 868 569 et
888 503 921 568 in¹
944 512 1017 566 cute
1038 495 1130 566 noti·
1196 495 1239 562 3⁰

113 613 193 674 Non
217 611 317 692 pudet
338 610 376 674 ad
397 627 520 672 morem
543 607 689 672 discincti
713 605 825 672 vivere
847 603 988 670 Nattae?
1055 629 1059 639 ·

116 714 180 776 Sed
202 725 309 796 stupet
331 712 388 775 bic
415 711 496 775 vitio
519 723 550 775 et
568 703 662 776 libris
684 709 820 775 increvit
842 708 984 793 opimum

117 816 269 900 Pingue:
294 826 380 878 caret
406 817 521 896 cnlpae
541 813 652 878 'nescit
669 813 745 899 quid
771 815 886 895 perdat
908 824 940 876 et
962 813 1026 875 alto

115 921 310 994 Demersus,
334 938 452 981 srarnma
474 925 586 982 rursus¹
612 937 676 982 non
699 915 792 979 bullit
814 915 847 978 in
862 917 969 980 unda.

117 1013 241 1106 Magne
267 1032 360 1103 pater
382 1021 510 1096 dirim,
534 1039 650 1084 saevos
671 1018 785 1102 pernice
807 1029 962 1099 tyrannos

117 1125 215 1188 Haud
237 1124 296 1186 alia
318 1121 442 1186 ratione
467 1121 562 1198 velis,
589 1137 686 1205 quom
708 1121 777 1185 dira
798 1121 899 1185 libido

117 1225 266 1291 Moverit
285 1225 442 1310 ingenium
467 1215 607 1290 ferienti
628 1223 727 1288 tincta
749 1245 898 1289 veneno:

117 1328 283 1394 Virtutem
306 1328 432 1391 videant
454 1326 717 1412 intabescantque
739 1328 867 1392 relicta!

116 1434 212 1496 Anne
234 1430 335 1516 magis
359 1428 457 1494 Siculi
481 1441 668 1514 gemuerunt
691 1451 765 1494 aera
793 1429 940 1507 iuvenci,

117 1535 163 1597 Et
185 1533 286 1617 inagis
313 1532 428 1596 auratis
451 1535 592 1615 pendens
612 1533 816 1618 laquearibus
838 1533 922 1598 ensis

116 1638 304 1720 Purpureas
328 1637 441 1701 subter-
460 1637 603 1710 cervices
626 1635 760 1712 terruit,
786 1683 800 1711 „
809 1636 912 1728 imaus,

116 1741 206 1804 Imus
228 1727 419 1821 praecipites
433 1737 464 1816 2³,
479 1757 581 1824 ⁴qaram
604 1738 640 1801 'si-
654 1738 716 1803 sibi
737 1739 821 1804 dicat
845 1752 876 1804 et
901 1739 984 1804 intus

117 1841 245 1907 Palleat
264 1833 392 1918 inielix,
417 1843 506 1924 quod
525 1831 674 1923 penitima
694 1841 814 1906 rresciat
839 1842 950 1908 raxor?
972 1875 1014 1892 ·-

118 1948 223 2028 Saepe
246 1945 376 2020 oculos,
399 1933 742 2028 mentun-‘tangebam
765 1927 884 2028 parvus
909 1946 1018 2025 olivo,
1043 1947 1044 1952 ’

118 2045 261 2114 Grandia
282 2046 311 2110 si
332 2045 450 2110 nollem
473 2045 620 2111 morituri
646 2049 746 2111 verba
770 2047 904 2114 Catonis
1201 2050 1241 2113 tt

117 2149 274 2226 Discere,
299 2169 370 2214 non·
389 2169 468 2213 sano
491 2146 621 2212 multum
645 2151 800 2214 laudanda
824 2151 998 2237 magistro,

120 2253 213 2333 Quae
236 2264 326 2335 pater
349 2253 490 2315 adductis
512 2253 626 2315 sudans
649 2253 771 2317 audiret
795 2254 918 2319 amicis.
1082 2237 1085 2244 .

121 2356 224 2420 Ince:
250 2355 363 2421 etenim
386 2353 417 2418 id
438 2361 613 2434 summum,
638 2353 714 2440 qnid
736 2358 848 2422 dexter
869 2357 958 2422 senio
979 2357 1101 2437 ferret,

166 2523 175 2568 .’
191 2519 234 2568 29.
255 2517 445 2582 censoremque]
459 2521 556 2568 TRVA.
573 2543 603 2555 -
618 2517 779 2568 censoremve
790 2523 867 2570 ESM.
881 2515 928 2568 lb(
937 2545 966 2580 -ς
981 2529 1050 2568 tuum
1063 2521 1128 2583 qnod
1138 2529 1165 2569 tu
1174 2523 1240 2571 trab.

121 2589 154 2638 E.
175 2597 295 2636 -tunm
318 2606 375 2636 enm
402 2591 848 2648 tntrnd.aolnteellltl.(sedlt1.:
869 2591 989 2648 solutos.)
1028 2591 1069 2642 3⁰.
1090 2617 1124 2627 -
1135 2589 1242 2653 soler-oe

117 2662 168 2708 ils.
205 2658 246 2709 31.
268 2683 297 2694 -
317 2674 400 2706 morea
417 2663 449 2707 V.
474 2661 511 2706 lb.
532 2685 565 2696 -
583 2660 699 2706 distincti
718 2663 765 2710 SA.
784 2663 820 2708 lb.
836 2681 869 2695 -··
886 2662 1029 2708 natatilis.
1049 2686 1082 2696 -
1100 2669 1173 2707 nnete
1188 2662 1241 2707 TA.

118 2755 152 2768 ·-·
171 2728 289 2786 Noecoe,
309 2729 392 2777 Notae
413 2731 443 2775 F.
499 2728 541 2776 32.
561 2731 620 2775 vitio
639 2729 681 2778 dte
702 2731 750 2778 RS.
798 2728 839 2777 33.
859 2754 893 2766 -
911 2730 976 2792 quod
997 2733 1034 2776 M.
1083 2729 1124 2779 34.
1145 2755 1178 2766 -
1195 2731 1244 2777 Di·

117 2801 217 2846 mierne
247 2802 279 2844 V.
309 2800 345 2844 lb.
373 2821 403 2832 -
423 2811 526 2845 rursum
554 2800 584 2844 ll.
643 2797 684 2846 35.
712 2809 751 2848 eso
777 2815 863 2846 eceooe
890 2802 921 2847 T.
986 2798 1028 2846 38.
1058 2823 1088 2836 -
1121 2799 1244 2846 Virtutem
1313 2810 1315 2813 ·

118 2877 146 2917 ut
173 2869 273 2915 rideant
292 2870 342 2916 ta.
393 2864 436 2917 40.
461 2867 495 2914 Et
514 2863 611 2929 rnog't'e]
636 2869 728 2916 Omnes
758 2873 815 2915 anei.
843 2890 877 2902 -
902 2869 951 2915 Aut
977 2870 1063 2930 magia
1087 2870 1153 2916 Unus
1180 2870 1241 2917 Acir.

118 2937 164 2985 il.
184 2963 218 2974 -·
236 2952 301 2984 unna
325 2939 377 2988 llll..
414 2939 454 2984 -ln
472 2940 503 2984 R.
521 2953 644 2994 superare.
664 2940 739 2984 ianua.
778 2935 820 2984 li.
844 2959 873 2971 -
890 2937 967 3000 'quoae'
983 2917 1033 2985 aidi
1056 2942 1087 2987 V.
1126 2937 1242 2988 taeen-

117 3007 220 3070 gebom]
251 3008 341 3055 Omnes
358 3009 415 3056 mei.
436 3030 464 3042 -
484 3009 613 3074 tingebom
628 3010 689 3067 Foq.
710 3009 734 3052 in
762 3013 883 3057 contextu.
945 3007 987 3056 ii.
1012 3007 1133 3071 Discere]
1152 3010 1243 3056 Omnes

118 3081 200 3132 mei„
227 3078 264 3136 lb.
280 3091 332 3132 xnem
350 3075 425 3137 sano]
443 3077 533 3127 ·Ε.’-
551 3078 582 3134 ab
600 3077 692 3123 insono
713 3077 789 3123 Tun.
809 3101 842 3112 -
867 3083 891 3123 et
909 3078 1001 3126 inrorm
1021 3080 1099 3128 vent.
1147 3077 1189 3126 lb.
1210 3102 1244 3114 -

117 3149 211 3194 etenim
227 3158 361 3200 summum·
373 3149 457 3198 Τ.,-
476 3148 567 3195 etenim
584 3147 612 3194 id
628 3161 726 3194 summo
743 3147 844 3194 scant.
877 3149 913 3194 lb.
934 3150 1029 3210 -qni
1048 3149 1140 3198 dexter
1159 3150 1190 3199 T.
1210 3171 1243 3186 -·

118 3216 211 3278 qnod.
228 3220 261 3264 V.
280 3241 314 3252 —
332 3216 440 3277 quaeat.
458 3219 495 3264 M.
565 3251 568 3258 .

193 3359 236 3408 29.
256 3358 419 3410 Censoremne
439 3364 468 3408 de
487 3361 591 3409 Casaub.
612 3363 716 3412 conia.
756 3361 798 3410 dl.
818 3377 868 3410 non
886 3377 978 3410 rnreae
996 3377 1019 3408 r.
1057 3359 1099 3409 tt.
1119 3359 1244 3408 Virtutem
1261 3418 1263 3422 .

119 3439 148 3484 at
165 3431 265 3480 rideant
279 3445 303 3488 p.
341 3428 384 3478 ld.
402 3430 551 3494 Aotmogie
566 3446 604 3489 ap.
643 3431 686 3480 lb.
704 3433 798 3479 Dicere
817 3449 839 3482 r.
878 3435 914 3480 lb.
935 3433 1076 3478 chiniano
1096 3447 1120 3488 p.
1197 3425 1200 3434 ’

62 3581 64 3590 '
119 3577 198 3622 sionis
219 3590 234 3620 a
253 3577 386 3636 genealogo
404 3577 428 3621 in
447 3582 572 3624 stemmate
590 3584 730 3624 numeratus
751 3575 878 3624 obtineas?
902 3578 940 3622 rel
958 3577 982 3621 in
1001 3575 1107 3632 equitum
1123 3575 1244 3622 Romano·

118 3659 176 3691 rnen
196 3647 360 3704 recognitione
381 3647 502 3692 trabeatus
529 3661 655 3694 censorem
676 3649 745 3693 dorsis
766 3646 910 3692 militaribus
937 3647 1038 3704 insignis
1062 3643 1173 3690 salutes?
1199 3645 1245 3701 (sie

118 3716 189 3761 lirin.
210 3739 244 3748 -—
261 3717 360 3760 solutae
385 3714 465 3773 Pith.)
486 3716 613 3777 ·Cognitio
632 3719 696 3762 euim
720 3718 825 3775 equitum
845 3717 1010 3760 Romanorum
1031 3714 1172 3760 censoribus
1190 3720 1243 3760 erat

119 3785 246 3840 subiecta,
267 3799 327 3844 quae
347 3799 409 3829 nunc
424 3789 549 3832 consulum
568 3793 604 3832 est
625 3788 708 3832 officii.

185 3851 234 3899 ¹37.
252 3852 368 3900 Ter-renti
384 3855 463 3909 tincto
480 3855 584 3915 veneno]
602 3857 747 3912 Metapbora
769 3870 784 3900 a
799 3858 868 3924 lana,
894 3869 954 3916 quaa
975 3861 1088 3911 corrupta
1110 3857 1139 3914 acl
1158 3856 1246 3912 pristi-

120 3938 177 3970 nmn
196 3925 303 3970 colorem
315 3924 405 3968 reuerti
420 3938 467 3973 noa
483 3931 572 3982 potest.
611 3923 652 3972 di.
673 3927 777 3981 Merito,
797 3926 889 3983 iuquit,
909 3925 966 3968 mibi
981 3925 1145 3980 lippitudinem
1163 3937 1244 3971 arces·

119 3994 217 4049 sebam,
249 3993 394 4038 necationis
414 3993 593 4040 deliberativam
613 3997 747 4042 orationem
767 3989 914 4049 recitarem,
946 3998 1025 4037 utrum
1045 3996 1183 4051 moriatur,
1213 4009 1244 4042 an
1339 3989 1341 3992 ’

121 4077 184 4119 non,
204 4067 247 4108 aut
264 4063 349 4120 quibus
368 4062 449 4126 uerbis
468 4065 501 4108 uti
521 4059 611 4120 potuit,
631 4079 704 4122 quom
725 4078 751 4108 se
770 4065 902 4109 destinaret
920 4061 1065 4109 interficere.
1104 4065 1192 4123 (Vetus
1208 4066 1246 4110 iu.

118 4139 231 4188 terpres:
260 4131 349 4186 ..beau
374 4133 429 4178 oleo
452 4133 509 4178 tacti
527 4135 698 4189 perturbantur
713 4135 743 4178 ad
765 4123 887 4188 tenipus.”
915 4131 1026 4177 Gasani).
1048 4133 1073 4178 in
1092 4132 1243 4190 Comment.)

120 4200 164 4248 dd.
183 4199 273 4256 Senio,
302 4202 502 4249 maior'missus:
530 4207 556 4248 nt
573 4204 661 4258 conia,
680 4204 769 4247 minor.
806 4201 913 4256 Merito,
932 4200 1052 4259 (siccas.
1073 4203 1141 4250 Reiz.
1165 4225 1194 4239 ·-
1217 4209 1244 4248 nt

120 4271 216 4318 Seneca
233 4265 269 4328 [in
292 4284 345 4318 aar.
371 4271 598 4319 lectt.:-·Scoeno:
631 4273 670 4317 ΔΙ.
690 4269 911 4330 8οιια],ἰιηιησνι“εο
934 4270 1012 4329 Pith.)
1030 4273 1126 4330 inquit,
1154 4272 1241 4317 flebam

120 4343 197 4396 istos,
218 4340 265 4398 (sic
286 4337 354 4386 Reiz.
374 4365 407 4376 -
425 4341 490 4388 istae
510 4342 574 4387 Pitb.
596 4363 628 4376 -··
646 4342 696 4388 iata
718 4336 791 4398 Cas.)
810 4353 882 4398 quom
900 4352 995 4397 semper
1013 4343 1129 4388 luderem.
