2964 4814
138 348 312 420 Flammati
329 348 545 416 Pha‘e'thontis
564 358 596 414 et
618 347 707 412 a'e'ria
730 369 905 430 cupressu;

138 459 234 522 Haec
253 453 373 518 circum
397 455 487 517 sedes
505 452 569 516 late
588 461 739 516 contexta
759 449 900 528 locavit,

140 556 399 623 Vestibulumnt
417 555 507 620 molli
532 556 668 618 velatum
688 555 806 618 fronde
830 552 966 618 vireret.

139 662 225 726 Post
246 662 331 723 hunc
353 656 562 743 consequitur
584 657 710 722 sollerti
730 660 829 721 corde
852 658 1085 734 Prometheus,

140 766 323 827 Extenuata
347 782 460 844 gerens
483 759 602 824 veteris
625 759 763 846 vestigia
787 780 929 842 poenae,

144 865 245 946 Quam
265 867 426 949 quondam
449 861 532 926 silici
553 862 720 926 restrictus
740 864 880 926 membra
905 872 1017 926 catena

141 965 311 1031 Persolvit
331 969 470 1047 pendens
490 987 507 1030 e
531 964 708 1028 verticibus
729 963 924 1047 praeruptis.

141 1071 220 1134 lude
240 1079 333 1150 pater
353 1066 462 1131 divom
486 1079 594 1130 sancta
616 1089 686 1130 oum
708 1067 846 1153 coniuge
870 1067 1016 1155 natisque

140 1169 286 1235 Advenit
310 1171 415 1246 eaelo,
438 1180 469 1232 te
488 1170 609 1245 solum,
634 1171 788 1246 Phoebe,
811 1168 995 1256 relinquens

140 1272 384 1358 Unigenamque
409 1271 501 1334 simul
524 1270 690 1335 cultricem
714 1271 876 1336 montibus
900 1271 981 1336 ldri.

140 1375 242 1440 Pelea
263 1396 334 1436 nam
356 1386 460 1438 tecum
479 1373 603 1456 pariter
625 1395 724 1437 soror
747 1386 943 1456 aspernatast

141 1479 214 1541 Nec
233 1475 380 1540 Thetidis
401 1480 508 1540 taedas
532 1476 636 1541 voluit
658 1476 823 1540 celebrare
844 1476 974 1563 iugalis.

142 1579 209 1659 Qui
230 1578 535 1666 postquamniveos
556 1579 715 1642 flexerunt
736 1577 864 1642 sedibus
888 1591 993 1656 artus,

140 1683 256 1766 Large
275 1680 445 1763 multiplici
468 1692 671 1744 constructae
693 1693 765 1743 sunt
788 1684 869 1763 dape
891 1703 1028 1746 mensae.

143 1784 252 1864 Quom
273 1782 394 1847 interea
417 1783 546 1847 infirmo
567 1784 744 1869 quatientes
769 1805 911 1866 corpora
935 1794 1042 1861 motu,

141 1884 321 1950 Veridicos
343 1888 467 1950 Parcae
488 1897 664 1968 coeperunt
684 1887 778 1948 edero
801 1897 924 1950 cantus.

141 1993 160 2030 *³
183 1986 246 2051 His
269 2009 390 2071 corpus
412 1987 580 2051 tremulum
605 1987 823 2071 complectens
843 1987 982 2076 undique
1001 2001 1148 2075 questus,

141 2202 201 2233 sane
218 2188 281 2232 roni.
297 2188 350 2232 dedi
370 2202 432 2233 nunc
457 2203 510 2233 cuin
536 2189 589 2233 Sili.
610 2190 748 2235 etLachm.
767 2204 810 2245 pro
828 2189 1066 2246 comitarentur,
1093 2190 1149 2238 Non
1167 2193 1268 2245 oenoe.)

142 2255 203 2304 200.
223 2264 294 2301 ortos
309 2258 457 2303 natusest.
496 2255 555 2303 202.
577 2259 653 2303 Codri.
670 2260 775 2312 latonii,
792 2261 913 2315 luctanti,
931 2253 994 2306 'nude
1012 2264 1085 2306 Voss.
1103 2262 1217 2306 luctanti.
1230 2282 1266 2296 -

139 2329 239 2386 letoque
252 2327 328 2371 coda.
349 2329 514 2380 1111111111,
536 2329 595 2372 uude
612 2330 674 2373 Scal.
691 2327 810 2391 fletuque.
831 2329 960 2388 Utramque
974 2335 1052 2375 autem
1070 2333 1197 2375 lectionem
1214 2333 1267 2374 loe·

140 2398 234 2442 111111-
253 2422 263 2432 -
276 2395 386 2458 fletuque
405 2400 528 2441 coniunxit
546 2400 617 2452 Vulp.
637 2404 681 2452 „ut
699 2400 778 2444 versui
799 2405 950 2454 coiripararet
969 2402 1107 2444 varietatem
1117 2402 1141 2454 ,”
1160 2401 1199 2445 via
1218 2401 1264 2444 Ca·

140 2467 282 2520 tullianam,
302 2467 445 2510 observante
465 2466 536 2525 Ging.
569 2468 676 2511 Similem
695 2482 791 2512 versum
811 2469 882 2512 habet
900 2469 992 2513 Ennius
1012 2484 1034 2524 p.
1057 2466 1114 2514 135.
1136 2471 1164 2514 ll.
1193 2467 1267 2527 Copi-
1314 2475 1317 2482 '

140 2537 202 2580 tibu'
225 2536 354 2579 nutonteie
374 2536 451 2592 pinne
476 2542 604 2594 rectosque
636 2551 781 2594 cupressos.
849 2536 908 2584 293.
933 2538 1070 2598 cyparisso
1096 2538 1171 2582 Guar.
1192 2539 1265 2597 Ging.
1349 2591 1353 2596 .

141 2602 203 2652 297.
223 2605 332 2663 vestigia
351 2605 515 2658 vinculorum,
545 2608 679 2659 clavorum,
709 2610 804 2664 aquilae
824 2621 964 2661 morsuum,
998 2620 1059 2663 quos
1085 2608 1113 2650 ad
1133 2608 1267 2651 Caucasum

141 2676 255 2732 alligatus
274 2679 342 2718 antea
361 2680 414 2718 erat
432 2684 576 2729 perpessos:
605 2677 638 2718 ita
656 2677 727 2734 vulgo
747 2677 881 2731 explicant,
910 2683 990 2730 recte,
1017 2676 1146 2730 1111111111,
1167 2691 1265 2722 namv.

140 2750 282 2789 extenuare
305 2743 389 2787 medici
415 2757 508 2800 quoque
533 2746 560 2786 tie
583 2746 734 2789 cicatricibus
754 2751 876 2799 usurpant.
902 2759 926 2789 v.
944 2747 1049 2790 Porcell.
1070 2745 1189 2791 Avaticius
1208 2759 1267 2791 vero

141 2820 167 2859 et
185 2813 325 2857 Viscontius
344 2814 431 2856 Museo
450 2813 586 2857 Pio-Glem.
600 2811 624 2858 le.
640 2827 693 2872 pag.
710 2812 769 2858 223.
789 2817 824 2858 Μ.
843 2817 938 2858 anulum
956 2817 1091 2873 intelligunt
1110 2829 1138 2859 ex
1157 2816 1224 2860 ferro
1243 2820 1268 2861 et

141 2884 221 2938 lapide
240 2882 363 2926 Caucaseo
381 2883 406 2925 iu
425 2881 535 2936 supplicii
559 2883 701 2926 memoriam
719 2885 857 2928 Promethei
884 2885 959 2942 digito
978 2886 1166 2939 circumdatum,
1196 2898 1267 2942 quem

140 2953 207 2996 Plio.
223 2947 270 3005 37,
290 2947 314 2996 1.
341 2951 510 3009 llygin.1²oe't.
525 2952 591 2995 Asu.
607 2950 637 3006 2,
660 2950 699 2998 15.
727 2955 796 2998 Serv.
813 2955 840 2997 ad
854 2955 924 3011 Virg.
936 2952 1035 3009 Ecl.6‚
1058 2951 1100 2998 12.
1121 2959 1265 2999 memorant.

141 3022 174 3067 Ar
193 3022 264 3066 nianis
282 3021 386 3064 obscure
405 3021 527 3075 proiecto,
558 3021 602 3064 boc
627 3024 647 3066 si
672 3024 802 3076 voluisset,
833 3025 926 3067 locutus
951 3029 1015 3068 esset
1035 3025 1161 3080 Catrrllns;
1189 3037 1266 3081 aequo

142 3093 207 3136 enim
225 3092 278 3135 iure
297 3091 400 3134 Lenzius
419 3090 622 3145 interpretabatur
636 3093 664 3136 de
684 3106 774 3135 corona
792 3105 821 3137 ex
840 3094 921 3138 salicis
938 3094 1067 3137 viminibus
1087 3099 1185 3149 propter
1204 3096 1267 3137 idem

141 3160 281 3204 Promethei
301 3162 371 3213 capiti
391 3161 516 3215 imposita,
545 3161 573 3204 de
593 3174 638 3217 qna
656 3163 708 3205 vide
727 3160 885 3216 sponsat,
907 3161 937 3216 5,
957 3162 998 3208 11.
1054 3159 1113 3207 302.
1141 3162 1207 3221 Idri]
1234 3163 1267 3206 ita

142 3231 219 3277 Coae.
238 3227 326 3283 (Vari)
354 3229 418 3283 „Est
435 3243 504 3273 inous
523 3229 625 3283 Cariae,
645 3232 668 3274 in
688 3245 735 3287 quo
754 3233 877 3284 complura
896 3237 964 3276 erant
982 3234 1033 3276 loca
1052 3233 1142 3276 Dianae
1168 3233 1266 3288 eiusque

141 3301 211 3344 fratri
231 3304 385 3352 consecrata,
407 3304 432 3341 ut
451 3300 589 3353 Hecatesia,
611 3300 771 3355 Chrysaoria‚
799 3301 947 3344 Euromns.’'
965 3303 995 3347 D.
1027 3323 1056 3333 -
1086 3300 1145 3345 ldue
1163 3301 1220 3345 hid.
1240 3298 1266 3344 2.

141 3369 247 3427 (montis
264 3366 347 3411 1111οηί
362 3369 417 3412 nid.
431 3367 467 3422 1.)
487 3393 519 3401 -
544 3366 666 3427 Hydrae,
687 3369 753 3412 urbis
776 3370 881 3424 Lydiae,
903 3372 963 3414 Stat.
1014 3367 1072 3414 305.
1093 3371 1173 3414 niveis
1194 3370 1265 3414 Aldd.

141 3439 214 3496 prob.
230 3438 327 3482 ltlitsch.
339 3439 392 3481 Sili.
404 3437 501 3480 Lachm.
548 3434 607 3483 309.
627 3439 705 3482 Locus
722 3441 873 3492 depravatus.
895 3439 962 3484 Nuda
982 3441 1076 3496 quidem
1095 3445 1132 3482 est
1149 3439 1268 3482 Lachesis

141 3510 166 3552 in
186 3508 363 3561 Dactyliotheca
382 3507 537 3563 Stoschiana;
558 3509 651 3552 collatis
670 3522 727 3551 vero
745 3509 846 3552 Platone
863 3510 891 3552 de
909 3511 969 3563 llep.
985 3506 1031 3560 10,
1053 3504 1093 3552 lh.
1113 3521 1135 3561 p.
1156 3504 1214 3551 617.
1230 3509 1267 3551 St.

140 3575 310 3657 θυγατέρας
327 3572 380 3640 τῆς
396 3570 534 3639 Ἀνάγκης
550 3575 667 3645 Μοίρας
685 3573 952 3639 λευχειμονούσας,
972 3575 1129 3638 στέμματα
1147 3571 1268 3623 ἐπὶτῶν

139 3644 280 3707 arcator
298 3642 442 3706 ἐχούσας,
462 3651 486 3689 11
498 3646 596 3698 Orpheo
609 3647 638 3690 Η.
655 3643 701 3700 59,
722 3645 745 3691 7.
766 3646 953 3716 πορφυρέῃσι
966 3641 1178 3708 καλυψάμεναι
1191 3638 1267 3692 o'bo'-

139 3730 213 3788 νῃσι
231 3736 265 3750 -
290 3715 424 3774 colligimus
445 3715 563 3758 Catullum
590 3729 684 3773 quoque
703 3717 788 3760 Parcis
814 3717 927 3760 tribuisse
947 3716 1072 3760 candidam
1090 3719 1197 3767 vestem,
1218 3718 1268 3757 tae-

140 3789 196 3831 nias
220 3799 279 3830 vero
299 3787 335 3829 vol
360 3787 430 3829 etiam
455 3787 575 3842 cingulum
600 3789 714 3841 purpurei
741 3787 842 3830 coloris.
880 3787 916 3832 lb.
937 3791 1056 3844 qrroestns
1079 3784 1167 3827 babent
1188 3783 1265 3826 Codd.

141 3857 201 3913 aliq.
223 3877 252 3888 -
273 3860 373 3913 questus
390 3855 439 3899 Alii
457 3854 556 3898 (11111
574 3854 619 3898 Ed.
635 3869 671 3909 pr.
687 3857 710 3899 in
729 3869 776 3914 qno
795 3857 863 3907 vide,
884 3869 912 3899 ne
933 3857 1005 3898 lateat
1023 3858 1105 3897 certus
1124 3850 1198 3909 (quod
1212 3866 1266 3896 voc.

141 3939 190 3969 non
215 3926 243 3968 tle
268 3925 371 3968 Veneris
395 3929 485 3968 tantum
509 3924 605 3981 cingulo
629 3931 766 3980 usurpatur.
787 3939 810 3968 v.
830 3925 950 3978 Forcell.)
970 3923 1018 3976 ita,
1050 3926 1076 3964 ut
1101 3921 1211 3966 candidu
1237 3924 1266 3966 ad

141 3994 301 4049 interceptum
325 3994 387 4037 aliud
412 3993 497 4038 vocab.
524 3994 616 4048 plurale
641 4008 697 4054 gen.
725 3999 802 4041 neutr.
829 3995 852 4038 io
873 4007 942 4038 rersu
962 4006 1013 4050 seq.
1034 3991 1093 4034 olim
1112 3992 1265 4046 pertinuerit.

142 4063 257 4108 Ceterum
280 4062 362 4111 Astius
388 4064 523 4107 annotavit:
557 4071 694 4121 „quaestor
719 4065 777 4109 nihil
797 4065 842 4108 nisi
862 4077 885 4109 v.
905 4063 980 4108 vestis
1000 4063 1137 4116 depravatio
1157 4063 1213 4106 mihi
1233 4062 1268 4105 vi·

141 4135 213 4177 detur
231 4143 301 4188 esse3
321 4145 366 4191 qua
385 4133 449 4176 euim
468 4137 504 4176 est
522 4135 634 4186 repetitio
654 4136 749 4179 ultimae
769 4135 875 4187 svllabae
895 4133 1060 4188 praecedentis
1078 4145 1101 4176 v.
1118 4131 1226 4191 undique
1244 4134 1268 4174 et

140 4203 167 4248 in
185 4208 241 4247 etue
260 4201 342 4246 ultima
360 4201 452 4256 syllaba
471 4215 493 4246 r.
509 4205 585 4247 acatia
604 4203 687 4249 iatet.''
708 4226 737 4236 -
758 4202 871 4264 Qnerrne
885 4205 925 4247 alii
942 4203 1018 4247 Codd.
1039 4202 1127 4246 babere
1144 4203 1266 4251 dicuutur,

141 4286 215 4331 qnam
232 4276 311 4317 tamen
330 4273 520 4332 emendationem
538 4273 585 4317 sibi
597 4273 701 4319 vindicat
712 4275 814 4319 Fuscus.
829 4275 862 4318 ita
875 4273 945 4318 Aldu.
959 4275 1033 4320 Voss.
1045 4273 1121 4316 Doer.
1143 4294 1175 4304 -
1189 4266 1266 4314 certia
