2948 4820
195 231 259 295 324

543 385 594 452 6⁷.
616 381 977 452 ΜΕΛΕΑΓΡΟΥ.

196 489 314 568 Νάσος
334 485 395 576 ε’μά
417 487 602 577 θρίπτιιρα
633 481 758 576 Τύρος·
782 481 895 575 πάτρα
920 488 957 553 δέ
979 509 1020 571 με
1042 491 1152 554 τεκνοῖ

259 593 381 668 Ἀτθὶς
406 589 439 656 ἔν
462 590 654 674 Ἀσσυρίοις
676 583 834 672 ναιομένα
857 582 1039 672 Γαδάροις.

196 686 372 781 Εύκράτεω
395 686 427 757 δ’
455 689 617 775 ἔβλαστον
638 683 657 753 ὁ
680 684 739 754 σύν
761 683 918 766 Μούσαις
939 683 1134 774 Μελέαγρος

258 793 372 884 πρῶτα
396 790 613 866 Μενιππείαις
638 784 867 878 συντροχάσας
892 784 1049 878 Χάρισιν.
1166 851 1170 860 ,

197 891 228 962 εἰ
247 897 282 961 δὲ
306 889 436 981 Σύρος,
459 893 490 958 τί
512 888 550 956 τὸ
573 891 715 978 θαύμας
737 893 832 976 μίαν,
858 885 943 972 ξένε,
964 891 1109 979 πατρίδα
1130 885 1256 978 κόσμον
1285 891 1320 954 ’5

258 996 408 1081 ναίομεν·
429 987 466 1061 ἔν
485 990 637 1069 θνατοὺς
659 988 786 1070 πάντας
808 991 910 1058 ἔτικτε
934 986 1038 1068 Χάος.

195 1093 376 1177 πουλυετὴς
399 1089 431 1162 δ’
456 1089 598 1183 ἔχάραξα
622 1089 696 1160 τάδ’
724 1095 757 1160 ἐν
782 1089 927 1160 δέλτοισι
951 1091 1017 1184 πρὸ
1040 1083 1186 1180 τύμβου·

260 1193 368 1287 γήρως
393 1193 457 1282 γάρ
479 1197 591 1280 γείτων
613 1189 756 1281 ἐγγύθεν
781 1196 911 1261 Ἀίδεω.

195 1293 282 1366 άλλά
306 1323 346 1385 με
369 1295 425 1366 τὸν
447 1293 563 1366 λάλιον
584 1301 639 1363 καὶ
661 1289 846 1383 πρεσβύτην
866 1299 890 1371 †
912 1289 1092 1385 προςειπών

255 1403 398 1490 χαίρειν,
419 1395 466 1476 είς
485 1399 590 1488 γῆρας
611 1392 734 1474 κάυτός
758 1392 844 1464 ’ίκοιο
866 1391 980 1465 λάλον.
1278 1399 1321 1458 10

545 1539 998 1648 ω.οονΛτοοκ’

196 1707 373 1794 Ἀτρέμας,
395 1690 420 1770 ὦ
445 1703 527 1784 ξένε,
549 1705 658 1787 βαῖνε·
679 1695 754 1789 παρ’
780 1697 944 1785 εὐσεβέσιν
965 1696 1030 1787 γάρ
1052 1695 1071 1766 ὃ
1093 1703 1238 1791 πρέσβυς

258 1797 358 1883 εύδει,
380 1805 556 1890 κοιμηθεὶς
576 1793 679 1868 ύπνον
704 1797 919 1890 ὀφειλόμενον
926 1851 935 1881 ,

194 1901 370 1996 Εὐκράτει)
395 1906 604 1994 Μελέαγρος,
628 1898 647 1968 ὁ
674 1899 730 1968 τὸν
750 1898 978 1990 γλυκύδακρυν
990 1899 1123 1989 Ἔρωτα

257 2012 313 2073 καὶ
334 2000 478 2082 Μούσας
503 2008 635 2094 ἱλαροῖς
656 2005 855 2081 συστολίσας
880 1999 1039 2092 Χάρισιν·

194 2100 233 2174 ίίν
255 2103 400 2183 θεόπαις
422 2103 567 2196 ίίνδρωσε
598 2101 722 2190 Τύροςς
745 2108 770 2171 Ι
773 2101 905 2191 ίκδάρων
928 2101 970 2172 θ’
1000 2102 1069 2194 ἱερά
1090 2100 1207 2192 χθών·
1298 2109 1319 2171 5

258 2211 336 2286 Κῶς
361 2203 392 2274 δ’
419 2203 519 2293 ἐρατὴ
542 2201 706 2294 Μερόπων
727 2209 872 2295 πρέσβυν
892 2203 1118 2297 ἔγηροτρόρει.

193 2304 269 2376 ἄλλ’
286 2307 318 2376 εἰ
333 2315 394 2395 μὲν
412 2304 528 2396 Σύρος
543 2309 628 2387 ἐσσί,
651 2309 847 2386 ΣΑΛΑΜ,
870 2304 901 2374 εἰ
912 2304 946 2375 δ’
969 2296 1027 2374 ούν
1046 2304 1137 2394 σύγε
1159 2309 1289 2389 Φοίνιξ,
1404 2359 1410 2364 -

255 2409 479 2490 ΝΑΙΔΙΟΣ,
494 2405 525 2476 εἰ
536 2405 569 2476 δ’
581 2401 719 2490 Ἕλλην,
742 2412 909 2476 XAIPE·
924 2407 963 2476 τὸ
982 2407 1015 2476 δ’
1034 2407 1116 2477 αὐτὸ
1129 2407 1273 2502 ηράσον.

580 2593 632 2660 69.
659 2593 845 2660 ΑΛΚΑΙ
858 2594 925 2662 ΟΥ.

192 2709 385 2807 Σύμφωνον
406 2716 587 2801 μαλακοῖσι
610 2707 855 2798 κερασσάμενος
878 2711 989 2806 θρόον
1010 2710 1124 2792 αύλοῖς

260 2811 442 2906 Δωρόθεος
462 2811 599 2904 μοερούς
621 2815 708 2880 ἔπνεε
731 2816 956 2902 Δαρδανίδας,

192 2922 254 2985 καί
272 2919 427 3004 Σεμέλας
453 2911 552 2982 ὠδῖνα
574 2910 762 3000 κεραύνιον,
789 2916 876 2984 ἔπνεε
902 2916 933 2984 δ’
958 2914 1060 2985 ἰ’ππου

257 3013 408 3106 ἔργματ’,
430 3012 570 3097 άειζώων
592 3012 764 3110 ἁψάμενος
789 3020 960 3108 Χαρίτων·

192 3119 314 3207 μοῦνος
337 3119 374 3185 δ’
396 3114 442 3186 εἶν
462 3122 578 3208 ἱεροῖσι
602 3113 785 3185 Διωνύσοιο
806 3115 997 3212 προφήταις

254 3214 386 3306 Μώμου
408 3217 733 3312 λαιψηράςιέξίιμυγε
752 3223 931 3306 πτέρυγας,

198 3323 345 3407 Θηβαῖος
366 3319 491 3407 γενεήν,
517 3322 725 3398 Σωσικλίος·
747 3323 780 3387 ἔν
803 3324 838 3388 δὲ
860 3325 993 3390 Λυαίου
1105 3361 1110 3366 ·
1145 3359 1149 3368 ’

255 3425 321 3516 νηῷ
347 3418 519 3516 φόρμιγγα
545 3417 681 3504 θήκατο
706 3427 762 3488 καὶ
785 3419 965 3510 καλάμους.

269 3608 319 3673 ιο.
340 3603 580 3674 ΒοΗοον
601 3604 667 3672 το
684 3573 1180 3678 ΥσΛυτΕτοτΡΑοο
1197 3591 1249 3676 υ.

191 3723 239 3796 Ei
259 3732 350 3806 τοῖος
370 3721 530 3804 Διόνυσος
552 3727 584 3803 ἐς
602 3724 689 3817 ἱερὸν
711 3713 819 3807 ἦλθεν
831 3723 1018 3816 Ὄλυμπον,

253 3825 410 3916 κωμάζων
431 3822 562 3909 Λύναις
585 3823 645 3895 σύν
665 3851 745 3895 ποτε
767 3834 822 3896 καὶ
844 3827 1037 3922 Σατύροις,

262 4049 304 4098 67.
325 4051 350 4101 9.
369 4055 438 4098 Fert.
458 4049 644 4124 προςεειιιών.
675 4056 755 4102 Bm..
786 4054 827 4104 68.
848 4055 874 4103 8.
893 4053 1055 4119 ΝΑΙΔΙΑΣ]
1073 4054 1268 4124 ΔΙίιαύδονίς.

262 4119 305 4180 69]
324 4122 453 4167 Cunichius
473 4137 523 4168 nc:

328 4192 353 4234 Si
373 4193 426 4234 talis
445 4193 506 4236 sacri
526 4194 554 4236 ad
573 4194 665 4237 culmen
684 4194 787 4240 venisse!
807 4193 902 4250 Olympi

363 4257 437 4301 Liber
456 4273 508 4302 cum
527 4261 626 4304 Bacchis
645 4267 669 4306 et
687 4261 798 4316 smyriim
818 4265 908 4319 thiaso,
