2948 4820
440 390 541 456 xlv.
577 385 803 455 CHOREAE
827 383 1134 450 MORTUALES.

398 512 571 580 saltemus!
595 507 705 574 Soeias
727 507 847 592 iungite
869 499 1042 571 dexteras(

397 616 465 680 lam
488 615 605 680 Manes
628 611 741 674 dubius
763 621 924 693 provocat
945 609 1133 692 Hesperus,

395 721 463 785 Per
485 719 584 780 nubes
607 713 775 778 tremulum
798 711 938 794 Cynthia
961 712 1102 775 candidis

481 821 606 882 Lumen
628 817 780 881 cornibus
807 815 936 901 ingerit.
1180 799 1184 810 ’

397 943 437 1006 Ῑιι
459 941 563 1004 lodiee
585 959 677 1003 senes
701 959 764 1002 uon
787 937 867 1000 bene
889 937 1046 1020 pendula,

396 1045 436 1108 In
458 1041 643 1126 ferruginea
667 1041 795 1122 cyclade
820 1037 976 1123 virginem

398 1147 463 1210 Sed
483 1145 567 1228 pieta
591 1141 685 1207 violis
709 1162 791 1228 grex
813 1153 901 1204 tener
924 1141 1032 1205 instita

480 1246 634 1312 Alternus
658 1245 791 1309 lauimus
813 1243 924 1326 pedes.

395 1371 459 1434 Hle
481 1380 512 1432 et
533 1367 721 1450 pontificum
744 1367 838 1428 thure
860 1363 1080 1449 fragrantibus

396 1474 465 1537 Rus
487 1469 628 1554 pastoris
651 1469 741 1533 olens
764 1465 867 1549 pileus
889 1467 1017 1546 infulis,

395 1577 441 1640 Et
462 1595 575 1658 regum
599 1570 708 1654 Tyriis
731 1572 864 1654 paenula
890 1573 1032 1634 vestibus

481 1674 680 1751 Miscentur,
706 1673 772 1736 sine
794 1673 934 1737 nomine.

394 1798 510 1862 Nullus
533 1799 571 1860 de
593 1796 715 1859 tumulo
739 1794 894 1858 sollicitus
916 1816 976 1858 suo

394 1905 463 1965 Aut
485 1919 622 1982 pompae
644 1897 764 1974 titulis,
788 1897 909 1961 invidet
930 1897 1034 1964 alteri.

397 2003 517 2067 Omnes
541 2021 627 2064 mors
651 2000 747 2062 variis
770 2002 894 2064 casibus
917 2001 1047 2078 obruit,

478 2105 579 2168 Nullo
603 2103 717 2167 nobilis
740 2104 865 2168 ordine.

394 2227 498 2292 Nobis
521 2238 633 2291 nostra
655 2237 762 2292 tamen
784 2238 858 2290 sunt
880 2248 1009 2311 quoqne
1031 2226 1154 2302 sidera;

394 2333 456 2396 Sed
477 2331 622 2394 formosa
645 2329 765 2404 miuus,
790 2339 864 2392 suut
887 2331 1052 2413 Zephyri,
1077 2330 1152 2394 lieet

393 2433 491 2497 Veris
514 2432 697 2507 dissimiles,
723 2453 863 2516 auraque
887 2432 1014 2495 tenuior

479 2534 714 2619 Cupressisque
736 2533 889 2618 frequens
911 2556 1033 2598 nemus.

397 2659 428 2723 0
452 2658 557 2720 dulces
580 2657 723 2731 animae,
748 2655 812 2719 vita
835 2657 949 2738 quibus
972 2677 1030 2719 sua

393 2761 455 2824 Est
477 2772 612 2824 exacta:
637 2759 736 2844 nigris
760 2759 894 2822 sternite
915 2759 1050 2822 floribus

395 2863 498 2945 Quam
521 2864 681 2925 caleamus
702 2864 849 2937 humum3
873 2863 1019 2947 spargite
1040 2863 1106 2928 lilia

477 2954 591 3030 Fuseis
613 2976 704 3049 grata
728 2964 907 3030 coloribus.

397 3089 506 3171 Aptos
528 3097 563 3149 ut
585 3087 711 3151 choreis
733 3085 896 3150 inserimus
919 3090 1032 3170 pedes!

393 3191 439 3254 Ut
460 3190 548 3253 nullo
571 3189 711 3272 quatitur
733 3202 820 3252 terra
843 3191 994 3275 negotio!
1070 3235 1072 3238 -

391 3292 530 3375 Dempta
553 3293 636 3357 mole
659 3291 748 3355 leves
770 3304 801 3355 et
823 3292 889 3366 sine
911 3295 1055 3377 pondere

478 3396 619 3459 Umbrae
640 3394 776 3458 ludimus
800 3395 902 3459 alites.

394 3518 462 3581 Ter
484 3528 608 3579 cantum
632 3516 729 3580 tacito
754 3539 913 3581 murmure
935 3517 1086 3596 sistimus,

395 3621 462 3682 Ter
484 3639 543 3682 nos
565 3618 712 3699 Elysium
736 3620 888 3684 vertimus
912 3624 951 3683 ad
972 3600 1110 3702 polum(

395 3723 462 3786 'l'er
484 3720 588 3785 noetis
610 3724 758 3786 tenebras
782 3722 941 3808 (stringite
963 3722 1093 3804 lumina)

477 3825 616 3888 Pallenti
636 3824 707 3888 face
729 3826 917 3910 rumpimus.

393 3949 464 4012 Nos
487 3946 667 4030 quicunque
692 3947 780 4010 vides
803 3949 954 4031 plaudere
977 3949 1150 4027 Manibus,

394 4049 545 4115 Cantabis
568 4048 685 4113 similes
707 4062 741 4112 tu
764 4072 893 4135 quoque
916 4051 1055 4116 naenias.
1102 4125 1105 4136 Ι

394 4153 493 4232 Quod
508 4173 591 4215 nume
607 4173 658 4230 es,
676 4153 805 4216 suimus.
851 4155 950 4234 Quod
965 4176 1091 4233 sumus,
1108 4157 1171 4221 hnc
1186 4155 1263 4224 eris.
1301 4159 1344 4222 35

479 4255 680 4319 Praemissus
703 4277 836 4338 sequere
858 4267 891 4320 et
914 4258 998 4322 vale.

681 4359 886 4373 ——
