2946 4816
113 373 197 439 Nam
219 367 313 436 citius
335 369 473 450 Scyllam
497 368 548 434 uel
571 364 793 433 concurrentia
817 371 916 446 sisa„

115 475 278 555 Cyaneas,
302 474 414 556 plenos
437 483 469 536 ct
491 472 729 554 tempestatibus
752 481 840 533 utres

115 576 314 642 Crediderim
337 585 391 638 ant
414 573 499 638 tenni
521 595 707 656 percussum
730 574 866 636 verbere
890 569 1001 636 Circes

113 681 252 745 Etcum
276 677 448 762 remigibus
471 675 639 760 grunnisse
662 675 826 756 Elpenora
848 673 999 756 porciu·

114 785 198 846 Tam
220 779 313 845 uacui
335 779 446 862 capitis
469 778 621 860 populum
646 779 790 842 Phaeaca
814 775 987 856 putavit?”

115 883 169 945 ste
192 880 306 965 aliquis
331 881 445 944 merito
469 881 607 942 nondum
632 879 738 943 ebrius
760 890 791 941 et
815 877 973 941 utinimunr
997 879 1052 963 qui

112 985 166 1049 De
190 977 372 1062 Corcyraea
397 993 545 1044 temetum
569 983 703 1042 diruerat
723 1001 823 1042 urna:
1193 983 1233 1046 25

115 1085 213 1150 Solus
236 1085 316 1148 enim
339 1087 418 1148 haec
440 1085 570 1148 Ithacus
594 1083 680 1146 utillo
703 1084 762 1145 sub
785 1093 865 1144 teste
887 1084 1036 1147 canebat.

115 1190 188 1254 Nos
211 1189 349 1250 miranda
372 1189 515 1270 quidem,
541 1187 597 1248 sed
619 1205 720 1266 nuper
742 1185 874 1248 consule
897 1185 991 1247 Imiio

116 1291 217 1356 Gesta
239 1309 337 1372 snper
358 1291 476 1355 calidae
498 1289 676 1352 reseremus
701 1288 824 1352 moenia
847 1287 970 1370 Copti:

115 1395 189 1458 Nos
211 1393 302 1478 volgi
324 1394 427 1457 scelus
449 1402 481 1456 ct
502 1390 621 1456 crunctis
646 1390 797 1475 graviora
819 1393 1003 1456 cothurnis:

115 1497 201 1560 Nam
223 1497 385 1572 scelus,'a
409 1497 536 1576 Pyrrha
559 1516 747 1577 quamquam
771 1495 873 1557 onrnia
892 1505 1029 1574 syrmata
1047 1494 1177 1572 volvas,
1195 1495 1237 1556 30

116 1597 234 1661 Nullus
256 1600 339 1678 apud
361 1598 503 1680 tragicos
524 1599 663 1680 populns
687 1595 778 1660 facit.
824 1598 946 1678 Accipe
970 1607 1083 1660 nostro

116 1697 200 1764 Dira
223 1701 310 1781 qnod
332 1700 512 1782 exernplnm
536 1701 644 1764 feritas
666 1700 857 1782 produxerit
880 1721 975 1763 aevo.

160 1801 250 1864 luter
272 1801 422 1864 finitimos
445 1812 538 1864 vetars
562 1813 658 1884 atque
680 1801 807 1887 antiqua
830 1802 992 1878 simultas,

117 1903 304 1966 Immortale
327 1903 433 1965 odium
456 1915 489 1966 et
510 1925 668 1987 utinquam
691 1905 833 1967 sanabile
857 1905 970 1967 volrrns

119 2005 225 2068 Ardet
247 2006 348 2066 adhuc
368 2005 495 2074 Ombos
518 2017 550 2067 et
572 2008 727 2085 Tentyra.
773 2006 919 2068 Summus
943 2005 1091 2090 utrinqne
1197 2005 1238 2068 35

119 2106 199 2169 Inde
221 2107 315 2170 furor
338 2109 457 2191 uolgo,
482 2110 569 2192 qnod
592 2109 717 2170 numina
741 2107 920 2171 vicinorum

121 2207 199 2272 Odit
222 2221 354 2292 uterque
376 2210 486 2284 locusq
510 2233 607 2294 quom
630 2211 718 2275 solos
741 2213 849 2274 credat
871 2212 1034 2272 habendos

120 2311 202 2374 Esse
226 2313 321 2386 deos,
346 2332 429 2396 qnos
450 2311 519 2393 ipse
541 2312 631 2376 colit.
676 2315 741 2376 Sed
761 2323 907 2394 ternpore
930 2313 1014 2376 leste

119 2412 265 2476 Alterius
287 2413 398 2494 populi
420 2415 570 2495 rapienda
594 2415 721 2478 occasio
745 2415 867 2480 crunctis

121 2513 205 2578 Visa
227 2512 424 2578 inimicorum
446 2515 640 2598 primoribus
663 2537 700 2580 ac
722 2517 874 2593 ducibns3
898 2538 936 2580 ue
1199 2517 1241 2584 to

119 2709 173 2740 ram
189 2696 286 2751 scripsit
299 2698 416 2742 luvenalis
434 2700 518 2742 aetatis
537 2711 593 2744 suae
609 2700 687 2754 primo
701 2705 725 2746 et
737 2701 900 2758 octogesirn03
914 2713 937 2743 v.
954 2699 1048 2743 Frunelt
1061 2697 1167 2744 Examen
1183 2701 1239 2743 crit.

120 2765 172 2810 lus.
192 2767 263 2809 vitas.
283 2781 306 2820 p.
329 2763 370 2811 93.
408 2765 450 2812 28.
471 2767 526 2812 Nilo
547 2773 571 2812 et
588 2771 690 2827 quinque
711 2771 788 2814 neuris
808 2770 914 2822 'l'entyra
932 2769 997 2824 (hod.
1019 2767 1151 2820 Desidere)
1168 2769 1241 2811 dista-

120 2833 210 2878 hatab
230 2835 314 2879 Ombis
339 2832 407 2892 (hod.
427 2834 487 2880 cnm
506 2836 620 2896 Ornbo.);
651 2839 723 2883 Omhi
748 2839 841 2896 quidem
865 2851 951 2892 super,
984 2839 1025 2880 sed
1054 2838 1160 2890 Tentyra
1179 2836 1241 2880 infra

120 2904 217 2958 Copton
235 2897 320 2961 (chl)
339 2907 385 2950 sita
409 2911 486 2950 erant.
528 2907 560 2950 m
577 2907 717 2960 'l'entyritae
736 2908 760 2952 in
776 2908 886 2960 Ombitas
905 2908 1018 2962 impetum
1035 2905 1121 2950 iecisse
1144 2907 1241 2948 tradun-

121 2977 160 3017 tur
186 2974 250 3017 inter
277 2975 406 3018 sollemnes
432 2976 529 3030 epulas,
562 2977 585 3019 in
614 2979 673 3032 ipsis
702 2978 774 3036 igitur
798 2976 883 3020 Ombis
914 2983 1012 3032 „'super
1030 2975 1128 3018 moenio
1146 2974 1243 3030 Copti.”

121 3043 190 3099 Osse
208 3043 293 3098 oppida
311 3057 381 3100 quum
393 3041 509 3104 finitimo
527 3050 591 3090 certe
611 3061 657 3090 oon
676 3047 779 3100 tuerint,
799 3047 860 3090 harad
881 3044 1039 3100 improbabile
1059 3049 1109 3097 est,
1129 3043 1241 3097 'setrtyri-

51 3139 55 3149 ·
121 3116 159 3156 tas
184 3119 355 3169 persequentes
379 3127 433 3158 cunr
453 3114 537 3159 lurore
561 3119 584 3159 et
601 3121 724 3160 'necantes
748 3117 899 3168 crocodilos,
934 3116 1034 3159 irruisse
1056 3113 1079 3156 iu
1104 3114 1242 3168 propiorem

120 3181 227 3237 sliqnstu
250 3186 359 3240 gentem,
391 3183 515 3228 contusum
535 3185 671 3242 ignorantia
694 3187 801 3230 locorum
820 3184 850 3228 ab
869 3185 921 3239 ipso
947 3187 1017 3239 potita
1041 3196 1093 3226 com
1114 3182 1241 3237 Ombitis,

122 3251 229 3294 omnium
245 3253 387 3306 populorum
404 3253 540 3297 crocodilos
557 3254 687 3299 colentium
702 3255 725 3298 in
741 3256 824 3312 volgus
836 3255 972 3298 notissimo.
992 3265 1015 3295 v.
1037 3252 1129 3295 i‘rnnctt
1140 3264 1164 3306 p.
1181 3249 1240 3295 tit.

123 3318 184 3364 tte.
220 3319 293 3365 Recte
323 3335 381 3366 uero
405 3321 539 3380 Pinzgerns
562 3323 628 3368 Diss.
654 3337 677 3379 p.
701 3321 743 3368 2t.
764 3327 912 3368 dernensirat
932 3321 1029 3367 ruinime
1050 3333 1078 3364 es
1097 3321 1141 3364 boe
1164 3321 1241 3374 illud,

122 3390 186 3446 quod
205 3389 299 3434 volebat
317 3392 468 3445 t‘rancttus,
489 3405 559 3446 posse
577 3393 674 3451 colligi,
695 3394 750 3437 scil.
793 3393 928 3438 lurensictn
946 3394 968 3436 in
996 3390 1104 3447 Aegypto
1123 3402 1242 3444 nunqnam

120 3459 206 3502 tuisse.
244 3460 378 3515 ,rotarum
405 3462 500 3519 inquit,
530 3465 600 3517 poe'ta
619 3461 810 3518 proculdubio,
830 3475 901 3519 quum
924 3459 1199 3517 octogenariusvenerit
1218 3459 1243 3500 iu

121 3528 257 3586 Aegyptum
272 3543 348 3587 neque
356 3563 363 3585 ,
384 3535 410 3575 ut
427 3532 534 3585 videtur,
553 3533 660 3577 locortnn
673 3533 696 3577 in
707 3531 737 3574 ils
750 3532 888 3589 regionibus
902 3531 961 3574 situs
977 3540 1120 3584 rrragnopeie
1132 3525 1242 3568 curiosus

121 3597 211 3653 inerit,
236 3599 373 3654 Tentyrites
392 3604 416 3644 st
434 3601 544 3645 Omhitas
565 3599 680 3645 finitimos
705 3613 805 3650 vocare,
834 3613 905 3657 quum
925 3597 1019 3642 nonnisi
1045 3597 1073 3638 ad
1093 3595 1243 3652 trigesimum

122 3667 226 3722 lapidem
242 3669 304 3712 inter
323 3683 349 3714 sc
370 3670 458 3714 distent
475 3683 550 3726 usqne
570 3671 632 3714 inter
658 3675 783 3726 utrumque
800 3671 912 3726 oppidum
926 3669 989 3711 alind
1009 3666 1109 3709 maioris
1127 3663 1243 3706 momenti

121 3737 195 3781 sitnm
215 3737 271 3781 sit.''
306 3739 411 3783 Molesta
434 3743 518 3784 contra
538 3744 574 3783 est
598 3739 697 3784 Weberi
725 3740 788 3783 ratio
806 3753 902 3783 versum
922 3733 963 3782 si.
985 3738 1076 3780 iuniore
1092 3732 1243 3776 distinctione

122 3820 137 3850 s
155 3819 225 3862 seqq.
244 3807 412 3863 distrahentis,
432 3814 477 3862 „ut
495 3808 527 3852 sit
543 3810 663 3866 generatis
684 3808 832 3863 propositio,
865 3813 888 3852 et
911 3805 1015 3849 numine
1036 3803 1175 3849 uicinorum
1196 3813 1244 3844 nou

122 3877 151 3919 sd
159 3875 268 3926 'rectura
276 3881 299 3920 et
308 3877 401 3921 Ombos
410 3879 561 3931 referantur,
578 3892 653 3935 sieque
662 3877 693 3921 ibi
707 3879 749 3921 hae
761 3879 833 3920 urbes
843 3876 889 3920 sibi
901 3876 1009 3919 inimicae
1020 3875 1144 3924 dicantur,
1156 3871 1196 3913 s'ed
1209 3871 1244 3913 in-

122 3946 262 4002 telligantur
281 3947 463 4001 rescindentes,
483 3961 543 4005 quae
562 3949 656 4004 utrique
674 3947 759 4001 populo
780 3945 935 4000 interpositae
947 3948 1015 3988 erant
1027 3946 1067 3985 aot
1079 3939 1245 3984 adiacebant.”

123 4015 170 4058 {etl
185 4013 240 4058 huic
259 4015 448 4070 interpretationi
468 4021 584 4073 repugnat
603 4021 651 4060 tota
670 4018 742 4059 totius
761 4015 807 4060 loci
827 4014 1004 4066 certior-utatis,
1025 4025 1054 4055 es
1073 4024 1133 4067 qna,
1155 4015 1179 4052 nt
1198 4011 1245 4052 inin

122 4084 181 4128 vidit
200 4083 298 4138 Schoh,
329 4086 450 4129 artissime
469 4086 632 4142 coniungenda
651 4090 706 4128 sunt
726 4085 794 4128 Inter
805 4081 946 4144 finitimos,
975 4079 1066 4125 Ombos
1085 4085 1109 4124 et
1130 4077 1245 4136 Tentyra

123 4153 141 4197 l.
162 4166 185 4197 e.
205 4153 268 4198 later
287 4153 377 4197 vicinos
396 4154 505 4198 Omhitas
524 4159 547 4197 et
565 4155 712 4208 'lentim-itas.
756 4152 964 4199 29.s0e10rut'.
1003 4146 1045 4193 3l.
1066 4148 1161 4204 spurius
1181 4148 1245 4190 uide·

123 4225 163 4266 tur
182 4221 245 4276 liup.
298 4219 338 4268 ³5.
370 4221 458 4268 limbos
479 4224 557 4269 Vatic.
582 4246 615 4257 —-
645 4220 747 4268 (corbos
770 4235 897 4280 perperam
920 4231 1003 4265 ornnes
1027 4219 1085 4265 snei.
1107 4237 1136 4250 -
1157 4214 1244 4273 eopia·

123 4291 186 4348 linp.
206 4292 236 4336 de
255 4291 319 4338 coni.
357 4288 398 4338 3⁶.
418 4292 488 4353 uulgi
503 4293 620 4338 cusis.
