2964 4814
1202 179 1261 242 101

139 343 304 423 Quaenam
327 351 358 403 te
378 337 488 424 genuit
510 338 579 403 sola
601 340 660 400 sub
681 359 762 420 rupe
780 333 914 400 leaena?
1202 337 1261 401 155

139 443 240 524 Quod
263 464 348 507 mare
372 453 564 523 conceptum
587 439 805 523 spumantibus
824 435 952 522 exspuit
974 437 1093 502 undis?

140 545 232 626 Quae
256 544 379 626 Syrtis,
402 565 484 630 quae
502 543 611 624 Scylla
629 565 748 625 rapax,
773 565 854 628 quac
876 553 965 638 vasta
988 540 1191 624 Charybdis,

141 649 235 712 Talia
257 648 312 733 qui
334 647 443 711 reddis
465 669 526 730 pro
550 646 636 709 dulci
659 644 802 728 praemia
825 643 912 708 vita?

64 755 67 763 '
143 750 178 815 Si
196 749 256 813 tibi
276 772 343 814 non
366 748 460 814 cordi
480 749 607 813 lucrant
630 747 791 812 connubia
811 759 942 822 nostra,

145 857 244 919 Saeva
266 856 356 939 quod
377 855 536 917 horrebas
556 850 657 934 prisci
678 863 851 933 praecepta
874 848 1031 932 parentis,
1179 866 1181 871 ’
1203 851 1263 912 160

146 959 296 1020 Attamen
318 955 350 1019 in
372 966 496 1019 vestras
519 953 654 1037 potuisti
675 957 793 1016 ducere
814 956 923 1027 sedes,

143 1060 232 1140 Quae
251 1057 311 1121 tibi
332 1057 472 1121 iucundo
494 1039 667 1120 famularer
689 1077 783 1118 serva
802 1056 933 1132 labore,

141 1162 286 1227 Candida
308 1159 507 1242 permulcens
529 1158 658 1243 liquidis
682 1157 819 1242 vestigia
840 1158 999 1240 lymphis,

140 1267 353 1346 Purpureave
372 1274 459 1326 tuum
481 1273 688 1325 consternens
712 1272 799 1324 veste
823 1260 941 1336 cubile.

138 1369 205 1430 Sed
221 1365 300 1451 quid
318 1387 381 1449 ego
404 1363 526 1449 ignaris
548 1362 761 1449 nequidquam
782 1385 969 1449 conqueror
992 1363 1077 1428 auris
1200 1367 1260 1431 165

136 1471 335 1533 Exsternata
354 1467 456 1542 malo,
480 1489 560 1552 quae
584 1466 677 1528 nullis
697 1465 840 1529 sensibus
863 1476 989 1550 auctae·

137 1573 212 1636 Nec
231 1571 340 1633 missas
360 1568 468 1634 audire
487 1581 606 1654 queunt
626 1590 685 1633 nec
706 1571 841 1632 reddere
862 1568 984 1632 voees?

136 1674 200 1737 Ille
222 1684 325 1735 autem
347 1694 453 1755 prope
473 1672 534 1740 iam
557 1671 667 1735 mediis
691 1681 836 1732 versatur
855 1670 888 1732 in
911 1671 1020 1748 undis,

135 1778 212 1840 Nec
230 1777 397 1862 quisquam
421 1787 553 1858 apparet
579 1795 678 1837 vacua
701 1772 845 1836 mortalis
867 1772 901 1836 iu
925 1774 1009 1858 alga.
1049 1805 1052 1810 ·

136 1878 195 1942 Sic
214 1877 308 1940 nimis
325 1877 479 1940 insultans
502 1889 646 1942 extremo
670 1888 816 1958 tempore
835 1897 929 1938 saeva
1199 1882 1261 1943 170

135 1981 226 2044 Fors
248 1979 343 2043 etiam
366 1979 484 2044 nostris
506 1979 621 2042 invidit
643 1978 809 2065 questibus
828 1979 926 2042 auris.

134 2082 286 2165 Iuppiter
309 2082 527 2163 omnipotens,
551 2082 669 2145 utinam
691 2102 729 2144 ne
750 2093 897 2163 tempore
919 2081 1026 2163 primo

135 2183 263 2248 Gnosia
282 2183 464 2266 Cecropiae
481 2183 661 2268 tetigissent
681 2183 780 2246 litora
803 2189 945 2266 puppes:

133 2286 302 2350 Indomita
325 2277 385 2349 nec
405 2284 473 2348 dira
492 2286 599 2348 ferens
619 2285 776 2368 stipendia
794 2297 889 2350 tauro

132 2389 287 2454 Perfidus
304 2387 337 2451 in
360 2386 490 2451 Cretam
509 2388 677 2470 religasset
695 2391 801 2453 navita
823 2390 952 2453 funem:

134 2493 210 2555 Nec
235 2491 332 2552 malus
350 2489 405 2552 hic
427 2491 533 2554 celans
557 2490 641 2554 dulci
666 2492 807 2554 crudelia
827 2492 936 2556 forma

135 2591 287 2658 Consilia
307 2591 341 2654 in
362 2592 483 2655 nostris
503 2592 681 2677 requiesset
702 2593 831 2658 sedibus
851 2598 989 2676 hospes!

133 2687 221 2759 Nam
242 2715 308 2779 quo
325 2717 374 2757 me
395 2695 557 2757 referam?
581 2695 667 2780 quali
688 2717 744 2780 spe
763 2697 888 2778 perdita
907 2697 1015 2762 nitar?

111 2803 153 2862 ,1
176 2798 334 2861 Idaeosne
353 2808 458 2880 petam
481 2797 621 2862 montis?
645 2800 685 2860 ah
709 2799 839 2884 gurgite
862 2800 928 2863 lato

134 3021 196 3052 rare
213 3006 336 3061 iahadan
364 3008 504 3062 saepissime
523 3011 575 3054 scil.
597 3011 669 3056 tatia:
691 3015 717 3054 ut
734 3009 822 3062 scitis,
842 3017 978 3068 memento,
998 3013 1078 3067 66611,
1099 3015 1152 3058 scis
1170 3028 1258 3074 nempe

132 3073 261 3134 [Valerius
274 3077 354 3120 Flecc.
374 3076 403 3130 d,
425 3075 466 3121 18.
492 3092 565 3123 seraa
588 3077 654 3122 hanc
675 3076 803 3141 profugae
822 3083 897 3138 prior
921 3082 975 3139 ipse
994 3081 1086 3127 dedisti
1104 3098 1177 3143 quam
1196 3087 1259 3140 (scis

133 3144 332 3206 nernpe)fidem]
346 3148 539 3201 interponuntur.
577 3145 637 3196 111.
650 3148 723 3194 Nunc
735 3152 786 3194 iarn
800 3151 937 3208 Guarinus;
953 3152 1025 3206 (lod,
1039 3154 1165 3198 Minturno
1178 3159 1255 3200 teste:

135 3217 199 3273 quod
218 3229 289 3270 saepe
308 3221 447 3270 corruptum
465 3217 511 3260 fuit
527 3231 551 3261 v.
573 3219 677 3264 Huscbk.
692 3221 721 3262 ed
735 3218 833 3273 't'tb.2‚
849 3217 878 3272 3,
896 3218 919 3264 3.
941 3245 973 3254 ·-
999 3221 1063 3265 Tam
1081 3223 1132 3266 iam
1150 3223 1197 3268 Ed.
1218 3237 1255 3282 pr.

133 3284 316 3329 1166166116,
336 3309 369 3318 -
388 3285 442 3329 lam
461 3286 512 3330 iam
531 3290 658 3344 pleraeque
677 3295 780 3334 recentt.
832 3288 890 3333 116.
911 3291 954 3349 qui
971 3291 1025 3335 Ald.
1077 3289 1135 3338 151.
1155 3305 1257 3352 germa-

133 3355 379 3398 numtdinotaururn.
420 3350 478 3399 152.
498 3354 585 3400 deesse
597 3357 668 3401 Aldd.
709 3357 767 3405 157.
782 3374 868 3416 rapax
882 3358 957 3404 Codd.
972 3361 1051 3404 Statii.
1064 3361 1168 3406 Lelmer.
1180 3363 1254 3406 Voss.
1306 3378 1308 3385 ·

134 3448 169 3458 -
189 3421 279 3482 Scylla
298 3437 383 3480 rapax
401 3425 471 3482 Virg.
493 3426 516 3468 in
536 3426 619 3470 Culice
635 3439 658 3472 v.
680 3425 738 3472 330.
759 3452 792 3462 ·-
811 3443 892 3473 sorex
911 3431 1068 3474 Aldd.Doer.
1116 3426 1174 3474 161.
1194 3429 1257 3474 Pur-

131 3493 504 3550 pureapuesstd.bacbsnanni.
544 3492 602 3542 165.
622 3495 736 3554 ingratis
753 3500 828 3542 Wak.
868 3497 926 3544 172.
946 3511 991 3542 666
1010 3499 1055 3542 Ed.
1076 3513 1113 3554 pr.
1132 3499 1203 3545 Aldd.
1225 3522 1257 3534 -·

133 3577 166 3606 66
185 3562 261 3606 Codd.
282 3563 341 3606 Stat.
371 3582 374 3589 ·
400 3559 457 3607 175.
487 3564 600 3623 religare
618 3566 771 3611 Forceltinus
789 3568 813 3611 b.
835 3569 852 3611 l.
875 3569 1044 3621 iuterpretatur
1071 3568 1175 3611 salvere.
1211 3569 1257 3613 Sed

134 3632 221 3676 eodem
239 3645 323 3675 errore
345 3629 432 3676 Catulli
453 3629 498 3686 63,
515 3631 557 3681 81,
577 3635 718 3693 religatque
733 3637 796 3696 iuga
814 3650 905 3690 manis,
927 3641 950 3680 et
968 3636 1007 3680 ubi
1021 3637 1172 3680 suanilestius
1185 3637 1258 3682 etlam

134 3702 207 3744 solita
227 3699 368 3758 significatio
388 3701 494 3757 obtinet,
514 3703 604 3750 Lucau.
619 3702 648 3757 7,
664 3702 723 3749 860.
742 3703 835 3750 Nullus
854 3705 885 3748 ab
903 3703 1020 3750 Esnatlu'o
1033 3707 1172 3765 religasset
1183 3706 1256 3750 litare

127 3767 222 3828 sanem
240 3771 339 3823 navita,
366 3771 411 3814 huc
431 3772 511 3814 traxit.
543 3771 619 3817 Nemo
646 3787 746 3830 unquam
766 3776 790 3818 b.
812 3777 827 3818 1.
849 3775 980 3828 haesisset,
1010 3777 1030 3818 si
1056 3780 1170 3820 consueto
1188 3790 1256 3822 more

134 3837 618 3897 6661666166661661616661611ίῖ661666,
638 3857 654 3886 a
668 3840 755 3898 Creta,
775 3845 801 3887 16
814 3839 896 3889 Creta.
936 3842 994 3890 177.
1016 3844 1257 3904 consiliam'nostrt's

135 3907 277 3968 quaesisset
294 3910 364 3953 Aldd.
391 3911 866 3968 8618661.66616166661666661661.
922 3910 981 3957 178.
1000 3915 1113 3966 „Vetusta
1133 3915 1206 3959 editio
1227 3929 1257 3960 66

135 3991 196 4036 quo,
219 3981 279 4022 unde
291 3981 469 4032 reponendum:
483 3994 549 4024 nunc
561 3983 634 4039 qua.¹'
653 3984 754 4042 Spengel
769 3985 797 4026 ad
810 3984 884 4026 Varr.
898 3996 921 4036 p.
935 3979 993 4026 2149.
1013 3983 1253 4037 RecepitWeberus.

138 4045 196 4092 179.
223 4047 307 4091 Nonne
326 4048 389 4092 inter
416 4050 462 4092 duo
490 4052 591 4094 consilia
619 4051 729 4097 fluctuari
758 4052 860 4096 debebat
882 4053 1003 4095 Ariadne:
1031 4051 1165 4099 Atticaruue
1192 4060 1258 4110 peta·

135 4121 187 4170 ret,
207 4129 237 4160 66
256 4116 376 4172 patriam?
404 4118 455 4162 Hoc
468 4124 547 4164 autern
558 4121 636 4175 ipsum
652 4123 885 4176 repraesentavimus
905 4121 1008 4165 deceni.
1024 4123 1138 4169 edentes:
1158 4123 1258 4168 Ieario·

135 4199 180 4230 sne
192 4183 302 4244 (Icarius
315 4183 407 4232 11111666
417 4201 487 4232 16666
497 4190 561 4232 Ρ116.
572 4187 601 4245 1,
616 4189 669 4244 11.)
683 4177 751 4236 ces?
760 4191 922 4238 Idmoneasne
942 4193 979 4234 vel
991 4189 1167 4247 Idmeneosne,
1195 4193 1258 4236 unde

135 4257 200 4302 8661.
213 4253 339 4311 Isthmon,
359 4269 444 4304 eosne.
464 4278 498 4292 -
516 4260 599 4314 (11666
611 4275 689 4306 ineam
700 4263 763 4308 6661.
773 4293 781 4318 ,
811 4275 882 4320 quam
899 4263 1017 4308 incertam
1034 4276 1088 4309 6666
1112 4276 1159 4307 non
1180 4274 1258 4330 nego,
