2964 4814
135 384 297 447 Maternis
322 384 436 448 laudor
462 383 600 446 lacrimis
626 383 778 470 urbisque
802 385 961 469 querelis,

202 486 341 550 Defensa
362 497 394 548 et
412 487 531 569 gemitu
553 484 702 549 Caesaris
725 508 796 549 ossa
828 507 910 548 inea.

136 589 198 650 llle
222 609 277 650 sua
299 599 371 650 nata
396 588 520 672 diguam
546 587 664 651 vixisse
695 609 840 652 sororem

203 689 355 771 Increpat
372 702 403 751 et
425 690 572 753 lacrimas
595 688 729 751 vidimus
752 689 799 752 ire
821 693 895 754 deo.

136 795 183 854 Et
205 803 310 854 tamen
332 791 452 854 emerui
477 812 653 874 generosus
678 791 773 853 vestis
799 793 965 866 honores,

204 894 275 957 Nee
298 915 366 956 mea
388 896 426 955 de
451 877 550 955 sterili
570 892 655 954 faeta
683 891 792 974 rapina
813 895 921 958 domo.

134 997 209 1071 Tu,
236 995 377 1076 Lepide,
403 1007 434 1058 et
461 1006 512 1068 tu,
537 993 667 1067 Paulle,
693 1014 794 1055 meum
821 994 982 1074 postlata
1007 996 1172 1071 levamen,

203 1095 342 1160 Condita
364 1109 437 1158 suut
462 1107 570 1158 vestro
592 1094 708 1158 lumina
732 1106 841 1158 nostra
864 1095 947 1156 sinu.

136 1199 288 1261 Vidimus
312 1209 342 1260 et
364 1199 495 1262 fratrem
520 1198 628 1260 sellaui
652 1197 830 1280 geminasse
854 1199 1015 1274 currulem,

203 1300 345 1365 Consule
369 1321 433 1382 quo
455 1301 543 1362 sacto
564 1311 710 1380 tempore
734 1311 825 1380 rapta
847 1321 956 1364 soror.

135 1403 239 1477 Filia,
264 1415 297 1464 tu
320 1401 480 1484 specimen
502 1422 656 1463 censurae
679 1413 751 1462 nata
772 1414 945 1482 pateruae,
1032 1443 1038 1454 .

202 1506 268 1566 Fac
292 1516 399 1567 teneas
423 1525 520 1565 uumu
541 1523 600 1566 uos
621 1502 740 1564 imitata
766 1504 887 1576 viriam,

135 1609 183 1670 Et
210 1605 292 1669 serie
314 1606 423 1668 fulcite
444 1626 557 1688 genus.
603 1604 688 1667 Mihi
711 1608 823 1685 cymba
847 1606 970 1668 volenti

203 1709 349 1771 Solvitur
373 1707 512 1769 aireturis
530 1717 579 1768 tot
603 1729 668 1768 mea
694 1709 757 1769 fata
783 1709 882 1770 malis.

137 1814 233 1875 Haee
252 1822 299 1872 est
321 1809 447 1872 feminei
472 1829 593 1870 merces
621 1819 764 1871 extrema
787 1810 960 1891 triumphi,

203 1915 330 1974 Laudat
354 1909 408 1972 ubi
430 1909 595 1973 erueritum
617 1910 716 1972 libera
739 1913 820 1973 lama
846 1933 975 1996 rogum.

137 2017 235 2078 Nune
257 2012 313 2076 uni
339 2015 526 2076 commendo
549 2012 724 2074 eommunia
751 2013 890 2096 pignora
916 2029 1031 2080 natos:

203 2117 294 2177 Haec
315 2136 392 2176 cura
415 2126 446 2176 et
469 2113 568 2175 cineri
591 2114 691 2194 spirat
712 2112 814 2176 inusta
840 2137 925 2178 meo.

136 2219 291 2300 Fungere
314 2215 462 2278 maternis
486 2215 629 2288 vicibus,
654 2225 767 2294 pater:
789 2215 840 2278 illa
865 2239 1007 2282 meorum
1216 2222 1257 2282 75

201 2319 313 2384 Omnis
336 2318 395 2380 erit
416 2319 502 2382 eollo
527 2319 621 2380 turba
642 2316 775 2380 serenda
797 2330 868 2381 tuo.

133 2423 258 2488 Oscula
282 2441 378 2504 qiiom
402 2419 526 2482 dederis
550 2431 601 2480 tua
626 2419 794 2494 flentibus,
819 2420 920 2484 adiice
943 2422 1066 2484 matris.

202 2528 288 2586 'sota
311 2526 423 2585 domus
446 2519 554 2602 eoepit
578 2542 660 2582 mmo
683 2541 764 2584 ouius
788 2541 856 2584 esse
879 2533 979 2585 titium.

132 2704 236 2762 dicitur)
255 2707 284 2750 ad
303 2705 393 2750 Numae
411 2718 512 2763 regnum
532 2705 647 2750 retertur.
668 2719 691 2750 r.
713 2706 814 2759 Dionys.
834 2705 889 2756 flul.
911 2705 935 2760 2,
957 2703 999 2752 58.
1021 2708 1074 2752 Val.
1096 2707 1163 2752 Max.
1186 2706 1208 2762 l,
1232 2708 1255 2762 l,
1326 2704 1330 2712 ‘

136 2777 161 2823 ἴ.
220 2774 261 2820 59.
293 2773 359 2818 latta
377 2775 478 2832 Augusti
498 2777 592 2818 demum
620 2780 705 2832 quarto
732 2775 825 2818 decimo
852 2777 948 2820 circiter
972 2789 1034 2819 surio
1056 2783 1110 2831 post
1128 2777 1258 2822 Corneliae

135 2850 240 2889 mertem
265 2845 381 2902 relegata.
447 2842 488 2888 61.
526 2845 605 2900 Quum
637 2845 728 2888 incerta
768 2845 935 2898 interpretatio
966 2857 1149 2905 generosorum
1181 2847 1258 2891 vestie

134 2913 258 2959 donorum
284 2913 421 2966 rideretur,
442 2925 502 2970 quos
522 2913 629 2969 plerique
646 2915 673 2957 de
689 2917 755 2956 veste
774 2915 902 2958 inatronrli
924 2914 996 2958 trium
1018 2915 1151 2959 liberorum
1173 2918 1257 2962 matri·

134 2984 180 3028 bus
211 2994 327 3026 concessa
354 2981 503 3040 intelligunt,
532 2983 628 3026 senten.
654 2982 719 3025 coui.
745 2982 844 3038 stirpis.
900 2979 941 3026 64.
962 2989 1046 3028 ventre
1064 3009 1074 3019 ·
1093 2997 1170 3028 manu
1191 2986 1255 3030 Scnl.
1351 2977 1354 2984 ’

134 3053 220 3097 Heius.
243 3050 306 3096 roni.
363 3048 405 3095 66.
435 3051 474 3094 Sic
496 3049 557 3097 cdd.
587 3047 634 3093 L2.
657 3049 800 3106 Neutiquem
820 3056 961 3096 construere
979 3065 1107 3107 possumus
1126 3059 1254 3112 tempore,

132 3120 239 3164 concute
257 3132 304 3178 quo
314 3115 404 3176 secto,
431 3124 456 3162 nt
474 3119 505 3162 sit
529 3129 588 3172 pro:
620 3133 672 3170 „eo
687 3123 812 3172 tempore,
845 3129 891 3176 quo
907 3123 994 3166 consul
1011 3121 1090 3166 tactus
1111 3125 1183 3180 est”;
1212 3125 1257 3168 'sed

133 3195 247 3246 tempore
269 3200 299 3232 ex
321 3190 372 3242 ipsa
387 3186 471 3232 versus
490 3187 681 3231 conformatione
700 3188 804 3242 pertinet
826 3189 855 3231 ad
877 3202 900 3232 v.
922 3195 1006 3247 rapto.
1042 3191 1093 3234 lem
1110 3192 1155 3235 hoc
1176 3193 1259 3247 dupli-

133 3272 189 3304 cem
205 3257 309 3300 admittit
325 3257 528 3312 explicationem:
562 3253 588 3312 a)
608 3269 652 3310 pro
671 3257 794 3312 tempori,
820 3259 942 3313 temperi,
971 3259 988 3302 i.
1008 3271 1031 3301 c·
1052 3261 1125 3304 nimis
1149 3265 1259 3320 mature,

133 3326 208 3371 niruis
224 3325 290 3370 rito:
311 3325 336 3379 b)
355 3331 462 3380 ternpore
481 3329 634 3380 opportuno,
654 3339 710 3378 „ine
727 3327 778 3378 ipsa
794 3339 840 3368 non
855 3327 964 3380 uolente,
994 3331 1074 3381 utpote
1098 3341 1159 3384 quae
1178 3333 1258 3373 temen

133 3396 237 3439 tratrem
254 3393 369 3439 vidissem
389 3394 479 3438 factum
498 3395 647 3438 consulem.”
682 3393 715 3436 Et
734 3393 794 3437 hanc
816 3394 999 3447 explicationem
1014 3397 1125 3449 praefero
1147 3397 1259 3452 equidem
1328 3429 1331 3444 .

132 3477 190 3509 cum
207 3463 334 3516 Bellero,
366 3477 438 3520 quom
466 3475 509 3517 per
529 3467 606 3506 totum
628 3475 724 3505 eminere
749 3461 862 3505 Cornelia
886 3462 926 3516 pio
950 3463 973 3504 iu
998 3462 1063 3506 Deos
1086 3464 1165 3506 auimo
1190 3477 1259 3508 suam

132 3533 281 3578 voluntatem
293 3533 322 3576 ad
334 3532 472 3578 Deorums.
484 3532 538 3574 Fati
552 3533 617 3576 iussa
636 3532 746 3586 applicet.
783 3528 849 3585 (aua
865 3527 921 3573 ilire
935 3528 1018 3574 liedes
1035 3528 1135 3575 etlumen
1145 3527 1259 3588 stemma

131 3599 276 3660 Ergelrung
294 3601 320 3644 iu
347 3599 392 3645 der
410 3598 556 3645 Schickeate
575 3598 690 3652 Gedote.)
731 3600 797 3652 lem,
829 3612 900 3656 quum
920 3599 965 3642 hoc
981 3613 1029 3642 uon
1053 3601 1162 3645 viderent
1182 3601 1259 3645 luter·

132 3673 230 3726 pestes,
264 3669 329 3712 vrriu
351 3670 523 3714 coniecerunt:
545 3664 813 3727 suaeretduonymus
840 3668 939 3727 duglas.
953 3664 1025 3726 secto
1049 3675 1159 3726 tempore
1177 3669 1257 3726 Kopp.

122 3735 185 3797 sati
201 3738 308 3782 crimine
326 3738 434 3782 Brorkli.
453 3734 547 3781 Consul
565 3751 612 3795 quo
623 3733 714 3794 suetus
729 3742 839 3795 tempore
856 3751 880 3782 r.
900 3750 923 3781 e.
943 3737 1042 3782 Laetam.
1061 3738 1085 3782 in
1106 3739 1152 3782 tte.
1176 3753 1214 3794 pr.
1226 3759 1260 3772 -

133 3803 241 3852 coneris
259 3819 324 3865 quo,
351 3803 445 3864 inficta
465 3813 574 3862 tempore
597 3821 620 3853 r.
641 3819 663 3849 e.
684 3806 771 3859 lacob,
798 3808 860 3862 quod
890 3804 1014 3850 Latinitnti
1038 3809 1189 3852 adversatur.
1227 3809 1254 3852 ln

133 3876 196 3920 Add.
223 3881 301 3920 tamen
327 3875 380 3930 ipse
402 3889 495 3932 qnoque
516 3876 596 3918 redire
623 3875 717 3919 videtur
743 3875 773 3918 ad
799 3876 904 3920 uolneri
928 3876 1054 3930 interpret.
1120 3875 1161 3923 tn.
1181 3878 1258 3930 „ldeo

133 3944 220 3990 libenti
241 3944 322 3988 auimo
340 3945 448 4000 rnorior,
480 3944 535 4000 quia
556 3941 610 3988 lieri
629 3948 725 3997 potest,
752 3948 778 3986 ut
795 3947 869 3988 multa
892 3946 916 3989 iu
936 3949 1057 3999 posterum
1080 3947 1143 3990 iusta
1159 3953 1259 3992 cornua·

132 4019 189 4059 tura
212 4014 260 4057 sint
284 4014 418 4070 longiorem
437 4013 536 4057 vitam.''
583 4013 663 4057 Locus
686 4016 724 4056 est
749 4013 904 4067 sanissimus,
930 4015 976 4056 etsi
1003 4027 1018 4055 a
1043 4013 1125 4056 multis
1144 4022 1259 4062 verutus:

132 4082 233 4128 Lachm.
253 4082 277 4125 in
301 4081 346 4127 Ed.
367 4095 403 4137 pr.
423 4082 486 4125 coni.
507 4082 587 4136 meir,
619 4093 690 4125 seusu
712 4082 811 4138 aliquo,
832 4097 878 4126 nou
898 4087 975 4126 tumen
995 4086 1065 4126 extra
1087 4083 1260 4132 dubitationem

133 4151 225 4208 posito.
255 4151 359 4208 (iaqumu
379 4152 458 4206 ampla
483 4156 595 4206 nepotum
620 4163 661 4205 spe
683 4162 738 4194 inea
760 4149 808 4194 fcta
836 4151 929 4195 rusiora
957 4150 1046 4194 facturn
1067 4151 1097 4196 iri
1120 4154 1260 4208 rideam.”)

132 4221 213 4266 Aaou.
234 4218 350 4264 Etonens.
371 4219 464 4273 Solvit,
493 4219 601 4264 turturis
621 4223 655 4262 tot
670 4231 725 4262 mea
740 4215 799 4276 sata
818 4221 892 4264 meir.
916 4241 943 4253 -·
964 4217 1060 4274 Solvit,
1078 4221 1185 4277 virturis
1201 4229 1259 4280 port

131 4283 261 4345 mensotis
284 4289 348 4332 meir
366 4289 448 4334 lieret.

185 4373 273 4425 Eelogae
289 4373 345 4413 Posi.
362 4373 404 4412 lat.
991 4372 1045 4433 12,
