2952 4826
216 233 272 330 ει

229 393 274 457 Et
294 389 408 454 mulier
428 386 599 452 coniuncta
623 382 696 448 viro
721 380 882 448 concessit
902 380 937 445 in
957 403 1071 460 unum,
1267 384 1350 447 1010

227 469 391 577 Cistaque
410 489 557 574 privatae
579 483 719 552 Veneris
743 483 904 549 connubia
925 484 1008 548 laeta

231 593 375 680 Cognita
398 601 470 656 sunt
489 589 679 673 prolemque
702 607 743 651 ex
764 607 799 649 se
820 585 930 651 videre
951 597 1110 662 creatam3

231 699 315 761 Tum
337 715 435 780 genus
456 693 628 754 humanum
650 687 789 772 primum
811 687 1000 752 mollescere
1020 689 1142 772 coepit.

228 797 320 883 Ignis
339 797 424 861 enim
447 792 591 868 curavit,
614 802 648 855 ut
666 789 745 854 alsia
768 809 913 872 corpora
932 789 1039 874 frigus

229 903 308 965 Non
327 898 373 961 ita
389 897 452 960 iam
470 906 603 978 possent
625 891 706 957 caeli
727 894 786 956 snb
808 890 948 976 tegmine
969 891 1078 957 ferre:
1270 891 1351 954 1015

229 1003 275 1067 Εί
295 1002 407 1064 Venus
431 995 588 1062 imminuit
613 993 713 1058 vireis
739 993 914 1078 puereique
936 1005 1103 1076 parentum

229 1099 401 1166 Blanditiis
423 1097 519 1163 tacite
542 1094 705 1181 ingenium
724 1095 856 1180 fregere
877 1097 1065 1176 superbum.

211 1207 324 1267 ·Tuno
346 1213 378 1266 et
396 1199 569 1265 amicitiem
590 1207 768 1279 coeperunt
786 1195 921 1280 iungere
942 1197 1095 1261 habentes

229 1302 400 1370 Finitumei
417 1301 501 1366 inter
519 1323 553 1366 se
572 1322 632 1365 nec
648 1300 775 1363 laedere
791 1318 851 1361 nee
869 1297 1014 1374 violare3

229 1410 274 1472 Et
297 1427 418 1488 pucros
441 1405 704 1468 commendarunt
726 1397 944 1484 muliebreque
966 1401 1085 1464 seclum
1270 1403 1354 1466 loro

232 1509 384 1573 Vocibus
406 1517 438 1570 ct
458 1516 567 1590 gestu,
591 1524 690 1589 quom
711 1501 806 1565 balbe
824 1499 1044 1586 significarent

231 1608 477 1682 Imbecillorum
499 1628 567 1670 esse
591 1625 727 1689 aequom
749 1601 933 1666 misererier
956 1603 1055 1669 omni.

230 1715 309 1776 Non
332 1721 437 1773 tamen
461 1705 653 1773 omnimodis
674 1715 804 1787 poterat
827 1705 1004 1769 eoncordia
1030 1705 1139 1791 gigni:

230 1817 295 1878 Sed
313 1815 400 1877 bona
422 1830 599 1894 magnaque
621 1828 697 1890 pars
720 1809 892 1870 servabant
912 1808 1046 1873 foedera
1067 1808 1182 1886 castei3

228 1917 297 1980 Aut
320 1935 420 1998 genus
439 1914 611 1975 humanum
631 1908 694 1972 iam
715 1920 782 1972 tum
802 1908 891 1974 foret
913 1931 1006 1974 omne
1028 1923 1227 1996 peremptum
1254 1900 1354 1979 '1025

228 2019 302 2082 Nec
322 2013 480 2098 potuisset
502 2014 606 2076 adhuc
629 2014 807 2094 perducere
830 2010 916 2075 secla
937 2033 1104 2098 propago.

293 2120 340 2182 At
362 2114 473 2179 varios
493 2112 621 2197 linguae
645 2112 769 2178 sonitus
790 2125 905 2176 natura
925 2113 1054 2198 subegit

229 2218 366 2284 Mittere
388 2228 419 2280 et
441 2215 561 2279 utilitas
582 2214 742 2298 expressit
761 2214 890 2279 nornine
912 2237 1040 2279 ret-uma

230 2323 311 2387 Non
331 2319 392 2383 alia
410 2319 509 2402 longe
531 2315 675 2393 ratione,
698 2327 793 2402 atque
814 2315 886 2398 ipse
909 2315 1037 2380 videtur

230 2423 431 2489 Protrahere
449 2422 489 2482 ad
513 2430 635 2504 gestum
658 2439 779 2501 pueros
797 2416 931 2481 infantia
948 2418 1098 2504 linguae;
1271 2426 1356 2489 1030

284 2564 361 2613 1011.
376 2565 526 2610 alsiaCodd.
535 2563 643 2620 plerique
652 2561 768 2607 etiamPii
776 2564 853 2607 stmei
861 2563 890 2607 C.
900 2563 931 2608 Ε.
939 2565 999 2610 Ver.
1007 2567 1070 2612 Ven.
1083 2590 1116 2600 -
1128 2567 1218 2628 algido
1224 2569 1311 2629 Margo
1318 2571 1352 2616 E.

230 2639 354 2685 Bri1.Av.
393 2632 470 2679 1018.
490 2634 522 2678 Ut
534 2646 588 2687 nos,
603 2633 683 2676 G.w.
698 2632 837 2677 amicitiam
851 2633 1088 2681 E.asec.m.L.ll.
1129 2635 1204 2683 1019,
1225 2639 1352 2685 meodd·

230 2709 290 2766 aliq.
304 2707 376 2752 etiam
387 2705 418 2748 E.
447 2702 506 2745 Pius
520 2703 543 2745 in
556 2701 619 2744 uotis
631 2701 682 2758 (qui
696 2705 773 2745 tamen
786 2715 831 2756 pro
841 2699 959 2746 lerientes
970 2704 1065 2749 volebat
1075 2705 1198 2762 urentes.)
1214 2729 1242 2740 -
1254 2708 1354 2771 finirem

232 2777 308 2820 Codd.
321 2773 346 2819 1.
361 2773 421 2817 Edd.
434 2776 491 2816 vett.
506 2769 619 2832 finitima
632 2771 676 2814 Ar.
688 2770 764 2815 P.-ll.
783 2767 901 2815 habentes
922 2773 1017 2829 antique
1033 2778 1058 2817 ut
1073 2787 1112 2830 ap.
1128 2775 1232 2821 Ennium
1247 2793 1274 2822 ac
1289 2781 1354 2824 Var-

230 2857 377 2910 ronetnpro
392 2840 558 2891 habitantes..
586 2836 661 2884 1022.
682 2839 717 2882 lta
735 2838 888 2887 (lotuizae.
903 2845 961 2886 vett.
981 2842 1090 2887 omnium
1105 2845 1196 2890 alm-lt.
1211 2850 1352 2902 ‚,p01·sy„j.

230 2913 296 2960 aesin
315 2911 385 2957 scil.’'
422 2906 498 2954 1024.
518 2907 726 2952 servabunthd.
743 2908 816 2964 aliq„
837 2910 909 2953 etiarn
920 2909 950 2954 E.
965 2909 1166 2960 A.L.ll.F01-b.
1189 2937 1218 2948 -
1238 2917 1357 2962 servabat

232 2997 261 3029 ex
277 2983 332 3026 eliis
348 2975 404 3038 (C.)
417 2979 478 3031 W.,
498 2978 560 3033 quod
579 2977 782 3020 accommodatum
795 2980 832 3021 est
846 2980 874 3021 ad
890 2990 913 3021 v.
926 2992 1001 3035 pura.
1028 2981 1091 3024 'l'urn
1109 2989 1178 3027 ceste
1197 2984 1226 3030 (l.
1247 2991 1271 3030 ot
1288 2986 1318 3030 Ε.
1339 3001 1354 3030 a

138 3087 147 3107 ,
232 3065 334 3097 seem.
374 3044 450 3092 1027.
470 3046 515 3090 ilic
531 3047 613 3098 locus,
633 3045 654 3088 si
672 3057 725 3088 cum
742 3045 841 3099 Epicuri
859 3046 938 3101 Epist.
952 3049 1171 3111 edllerodotum§.
1184 3051 1226 3098 11.
1239 3055 1352 3100 Schneid.

231 3121 339 3166 studiose
358 3117 511 3168 conferetur,
531 3117 554 3158 tu
574 3114 658 3168 primis
677 3113 787 3168 docebit,
813 3128 913 3171 quanam
931 3122 983 3161 arte
1001 3118 1128 3165 Lucretius
1146 3122 1170 3164 in
1188 3125 1354 3178 praeceptoris

231 3189 337 3246 pedestri
357 3198 468 3230 sermone
488 3184 608 3227 reddendo
628 3183 816 3240 expoliendoque
837 3190 947 3229 versatus
966 3190 1006 3230 stt.
1042 3189 1082 3232 Sic
1100 3194 1180 3235 autem
1198 3191 1254 3237 ille:
1273 3186 1353 3241 Ἀλλὰ

230 3253 292 3322 μην
310 3250 512 3317 ὑποληπτέον,
530 3250 582 3299 καί
600 3247 657 3314 τήν
675 3247 735 3300 τῶν
753 3245 916 3318 ἀνθρώπων
933 3249 1027 3315 φύσιν
1045 3253 1139 3306 πολλὰ
1157 3257 1209 3307 καί
1226 3265 1354 3310 παντοῖα

229 3322 290 3378 aiud
309 3321 368 3374 τῶν
385 3317 485 3372 αότιόν
503 3315 684 3389 πραγμάτων
701 3317 878 3385 διδαχθῆναί
900 3335 933 3371 τε
956 3323 1008 3372 καί
1025 3321 1269 3392 ἀναγκασθῆναι·
1299 3325 1366 3384 τόν.

229 3393 261 3446 δὲ
278 3387 427 3458 λογισμὸν
444 3385 482 3440 τὰ
500 3382 560 3440 ὑπὸ
579 3383 691 3452 ταύτης
708 3387 950 3459 παρεγγυηθέντα
968 3391 1020 3440 καί
1031 3387 1158 3464 όστερσν
1170 3393 1354 3468 ἐπακριβοῦν

230 3464 282 3514 καί
299 3454 572 3534 προσεξευρίσκειν,
604 3455 636 3506 ἐν
654 3457 709 3521 μέν
727 3471 789 3507 τισι
805 3456 929 3519 θᾶττον,
959 3457 991 3509 ἐν
1014 3458 1046 3510 δέ
1070 3476 1130 3512 τισι
1152 3462 1353 3536 βραδύτερον·

228 3533 281 3584 καί
298 3529 330 3582 ἐν
348 3529 404 3596 μέν
421 3542 483 3579 τισι
499 3522 577 3576 κατὰ
594 3523 826 3597 περιόδουςκαί
848 3543 867 3588 χ
886 3523 978 3591 όνους
1000 3529 1119 3594 μείζους
1143 3527 1202 3582 ἀπὸ
1221 3531 1280 3584 τῶν
1297 3532 1354 3585 τοῦ

231 3598 376 3672 ἀπείρου,
395 3595 427 3648 έν
444 3595 476 3646 δέ
493 3609 555 3646 τισι
571 3597 634 3644 κατ’
652 3591 802 3657 ἐλάττους.
828 3543 915 3646 ’Όξεν
927 3598 978 3647 καί
995 3594 1032 3648 τὰ
1051 3595 1190 3665 ὀνόματα
1207 3597 1239 3664 ἐξ
1255 3601 1354 3674 ἀρχῆς

230 3658 839 3800 sialifftdl‘tit‘‘atlbtltlttb
857 3661 1354 3801 ttttntlbititltwalti'

232 3821 353 3872 σματα,
384 3803 463 3865 ίδίως
480 3799 536 3853 τὸν
554 3794 630 3871 cispa
650 3798 825 3867 ἐκπέμπειν,
855 3800 1052 3868 στελλόμενον
1070 3800 1123 3868 ὑφ’
1144 3754 1278 3859 έκάιξτὲν
1294 3807 1355 3860 τῶν

231 3873 333 3927 παθῶν
348 3873 400 3924 καί
415 3869 475 3924 τῶν
494 3866 735 3935 φαντασμάτων,
754 3865 793 3932 ὤς
810 3864 849 3920 ἄν
865 3883 936 3922 ποτε
954 3874 1005 3924 καί
1022 3868 1042 3939 ἡ
1060 3870 1140 3944 παρὰ
1158 3874 1231 3940 τοὺς
1242 3874 1355 3940 τόπους

230 3943 290 3996 τῶν
310 3941 404 3994 ἐθνῶν
421 3935 554 4011 διαφορὰ
572 3933 629 4003 εἴη.
663 3933 799 4009 Ὕστερον
817 3937 848 3990 δέ
866 3939 975 4004 κοινῶς
995 3941 1060 3992 καθ’
1083 3939 1198 3996 ἕκαστα
1218 3941 1293 4012 ἔθνη
1316 3944 1354 3998 τὰ

232 4011 294 4064 ἴδια
311 4009 448 4075 τεθῆναι,
478 4007 553 4080 πρὸς
579 4004 614 4058 τὸ
642 4003 696 4070 τὰς
718 4003 859 4072 δηλώσεις
885 4000 977 4074 ἧττον
1000 4007 1191 4077 ἀμφιβόλους
1215 4014 1356 4081 γενέσθαι

233 4076 371 4146 ἀλλήλοις
394 4079 446 4128 καί
472 4075 703 4148 συντομωτέρως
721 4075 915 4143 δηλουμένας.
951 4077 1138 4132 Perdiderat
1159 4080 1196 4135 ου’
1218 4081 1356 4156 συνορώ-

231 4164 309 4218 μενα
337 4143 498 4228 πράγματα
520 4145 717 4226 εἰσφέροντας
742 4142 816 4208 τοὺς
838 4144 1013 4212 συνειδότας
1039 4151 1245 4221 παρεγγυῆσαί
1271 4169 1355 4216 τινας

233 4217 405 4285 φθόγγους·
434 4212 488 4273 [ων
505 4217 571 4276 τοῖς
585 4213 651 4278 μὲν]
672 4213 915 4280 αναγκασθέντας
934 4211 1148 4285 ἀναφωνῆσαι,
1176 4219 1250 4285 τοδς
1264 4220 1295 4272 δὲ
1312 4222 1353 4290 τῷ

232 4282 366 4358 λογισμῷ
383 4281 549 4351 ἑπομένους
570 4279 649 4333 κατὰ
666 4278 722 4348 τὴν
740 4281 879 4349 πλείστην
899 4286 1013 4356 αἰτίαν,
1044 4283 1141 4354 οότως
1161 4287 1354 4364 ἑρμηνεῦσαι.
