2952 4826
113 373 296 440 Folliculos
319 383 353 435 ut
373 393 456 435 nunc
474 369 602 434 teretcis
625 377 743 433 aestate
765 365 894 431 cicadae
927 405 930 410 >

112 477 283 562 Linquunt
303 485 418 557 sponte
438 496 493 536 sua
515 471 634 536 victum
659 470 820 555 vitamque
836 479 1000 552 petentes.

180 582 262 641 Tum
281 575 341 639 tibi
361 585 446 639 terra
470 573 557 638 dedit
574 573 712 656 primum
735 570 883 637 mortalia
903 569 1007 634 secla:

116 680 238 742 Multus
258 677 339 742 enim
361 677 454 740 calor
476 687 571 761 atque
590 678 706 740 humor
728 675 898 757 superabat
919 672 952 736 in
974 669 1075 738 arvis.

116 784 209 856 Hoc,
233 779 288 842 ubi
309 800 454 865 quaeque
476 775 543 841 loci
561 776 656 860 regio
679 787 863 858 opportuna
887 776 1040 848 dabatur,

117 883 314 948 crescebant
333 879 434 944 uterei
455 890 562 943 terrae
582 878 745 941 radicibus
769 875 874 959 aptei:

116 987 208 1065 Quos
228 983 283 1045 nbi
304 994 449 1064 tempore
472 992 597 1045 maturo
617 981 813 1064 patefecerat
832 989 917 1042 aetas

114 1087 275 1150 Infantum
294 1082 422 1168 fugiens
442 1085 608 1146 humorem
630 1103 785 1167 aurasque
807 1080 979 1164 petissem,

116 1187 344 1252 Convortebat
367 1183 414 1247 ibi
435 1187 558 1248 Natura
580 1183 738 1247 foramina
757 1195 864 1248 terrae

116 1291 160 1351 Et
179 1310 288 1350 sucum
313 1286 400 1349 venis
423 1289 562 1370 cogebat
581 1286 713 1351 fundere
736 1283 856 1368 apertis

116 1389 325 1455 Consimilem
346 1387 460 1465 lactis:
490 1387 572 1450 sicut
593 1410 676 1452 nunc
696 1386 814 1451 femina
837 1409 999 1473 quaeque,

117 1491 225 1572 Quom
248 1491 390 1573 peperit,
415 1488 500 1551 dulci
522 1489 664 1570 repletur
682 1489 781 1566 lacte,
805 1492 893 1575 quod
913 1488 1016 1553 omnis

115 1595 259 1675 Impetus
279 1592 313 1654 in
336 1605 486 1654 mammas
506 1591 715 1656 convortitur
734 1591 788 1655 ille
811 1590 964 1654 alimenti.

117 1698 224 1758 'ferra
247 1694 351 1757 cibum
375 1691 501 1775 pueris,
526 1705 644 1756 vestem
667 1714 790 1774 vapor,
812 1695 913 1757 herba
935 1692 1039 1756 cubile

116 1798 299 1860 Praebebat
322 1798 417 1859 multa
438 1809 469 1861 et
491 1795 581 1862 molli
603 1795 753 1880 lanugine
777 1799 952 1858 abundans.

181 1901 228 1961 At
249 1899 377 1962 novitas
392 1899 500 1963 umndi
518 1920 577 1962 nec
596 1897 725 1982 frigora
748 1901 827 1961 dura
844 1898 949 1961 ciebat

118 2003 189 2063 Nec
208 1998 324 2064 nimios
347 2012 450 2077 aestus
472 2023 531 2064 nec
555 1999 677 2084 niagnis
701 1999 823 2063 viribus
845 2022 957 2064 auras:

117 2101 236 2166 Omnia
259 2101 340 2164 enim
361 2102 484 2184 pariter
507 2113 655 2165 crescunt
678 2113 709 2164 et
729 2105 853 2166 robora
875 2114 1014 2166 sumunt.

182 2204 291 2283 Quare
311 2203 403 2266 ctiam
426 2215 520 2288 atque
542 2203 635 2267 etiam
659 2214 831 2266 maternum
854 2225 970 2266 nornen
994 2207 1107 2286 adepta

117 2309 222 2368 Terra
243 2317 327 2368 tenet
349 2304 478 2382 merito,
502 2303 653 2390 quomam
677 2327 775 2388 genus
796 2304 865 2388 ipsa
886 2305 1009 2369 crearit
1172 2305 1236 2368 820

118 2409 300 2470 Humanum
322 2419 415 2493 atque
439 2407 578 2470 animans
599 2429 704 2489 prope
726 2419 816 2472 certo
839 2419 986 2490 tempore
1006 2409 1089 2471 fudit

119 2511 241 2584 Omne,
265 2513 353 2594 quod
375 2509 407 2571 in
434 2496 556 2594 inagnis
576 2511 753 2572 bacchatur
777 2509 929 2572 montibu'
952 2509 1086 2592 passim,

116 2609 300 2695 Aie'riasque
321 2611 412 2673 simul
436 2611 597 2675 voluereis
620 2611 810 2674 variantibu’
828 2610 961 2676 formis.

110 2717 181 2798 ¹Sed
203 2713 274 2799 quia
295 2714 388 2776 finem
413 2712 548 2798 aliquam
572 2713 720 2796 pariundi
743 2716 838 2777 debet
858 2716 996 2791 habere,

118 2911 141 2940 v.
161 2902 212 2940 turn
230 2897 325 2938 demum
343 2897 421 2940 locum
432 2896 553 2955 baberet,
573 2896 612 2940 uhi
632 2899 661 2942 de
673 2911 745 2944 senso
757 2898 837 2955 aliquo
850 2899 952 2942 bumana
965 2911 1046 2943 serino
1059 2903 1132 2944 esset.
1156 2899 1236 2944 Credo

117 2972 198 3009 ortum
216 2965 262 3008 hoc
281 2979 333 3009 esse
352 2965 375 3010 in
395 2981 441 3009 uno
460 2967 504 3009 illo
525 2967 596 3010 Wak.
617 2967 677 3011 Cod.
698 2981 710 3012 e
730 2972 858 3023 praecepto
874 2969 1033 3026 negligentius
1047 2982 1070 3012 v.
1084 2973 1171 3012 coorta
1183 2982 1238 3012 ver-1·

118 3036 187 3080 siculi
208 3048 277 3091 seq.,
299 3036 358 3080 unde
377 3036 510 3079 dormitans
528 3036 641 3080 librarius
660 3037 697 3080 bic
716 3037 824 3082 intulerit
841 3037 935 3091 eorda;
953 3038 1023 3081 secla
1041 3035 1137 3081 firmant
1155 3038 1184 3082 C.
1204 3037 1235 3082 E.

118 3103 177 3150 79⁰.
199 3109 286 3146 creata
303 3104 363 3152 Edd.
379 3105 492 3149 vett.av.
507 3106 536 3149 P.
576 3103 634 3149 798.
655 3104 740 3149 adaito
762 3107 791 3150 L.
812 3107 841 3151 H.
868 3107 940 3166 lunga
962 3108 1061 3150 maiora
1084 3105 1186 3161 adalta,
1213 3108 1236 3150 in

117 3177 286 3218 uraiusancta.
320 3174 432 3218 Ceterum
445 3175 490 3218 cfr.
504 3174 664 3230 Pomponium
678 3174 807 3228 Melam1‚
824 3169 856 3230 9,Ἰ
869 3173 892 3219 3.
918 3173 993 3220 Nilus
1011 3174 1075 3219 adeo
1094 3175 1238 3238 efficacibus

116 3246 191 3304 aquis
217 3241 252 3285 acl
274 3243 446 3302 generandum
466 3243 631 3302 alendamque
649 3249 675 3288 at
693 3270 703 3280 -
722 3270 731 3279 -
749 3244 832 3304 glebis
852 3245 928 3288 etiam
947 3241 1065 3304 infundat
1083 3245 1183 3289 animas
1203 3259 1237 3289 ex

117 3316 223 3372 ipsaque
249 3309 322 3356 darno
348 3313 436 3356 vitalia
461 3311 574 3375 effingat.
610 3311 664 3357 Hoc
688 3327 716 3357 eo
734 3310 896 3372 manifestum
915 3320 969 3367 est,
998 3313 1064 3373 qaod
1082 3314 1124 3358 abi
1141 3313 1239 3359 sedarit

116 3383 214 3427 dilrsria
232 3395 262 3424 ac
275 3397 302 3425 se
321 3383 371 3425 sibi
388 3381 512 3436 reddidit,
530 3397 577 3439 per
591 3379 721 3426 hiemantes
736 3397 838 3440 campos
856 3382 978 3442 quaedam
997 3382 1105 3427 nondam
1120 3380 1237 3441 perfecta

117 3451 257 3505 animalia,
286 3450 332 3495 sad
355 3458 406 3495 tum
421 3453 533 3508 primam
552 3452 703 3508 accipientia
721 3453 840 3509 spiritam
858 3458 882 3495 et
899 3459 1022 3509 exparte
1041 3447 1237 3510 iamformata,

116 3526 243 3578 exparte
262 3519 343 3564 adbuc
361 3527 445 3564 terrea
464 3522 588 3565 visantur.
644 3517 702 3566 805.
731 3519 776 3565 itae
794 3522 812 3566 i.
833 3537 856 3567 e.
876 3523 945 3574 ideo,
965 3526 1108 3576 propterea;
1128 3535 1175 3563 non
1194 3517 1239 3563 hoc

114 3590 189 3635 modo
198 3623 204 3644 ‚
219 3596 244 3634 nt
256 3596 322 3634 ratus
336 3596 372 3636 est
384 3593 426 3634 W.
446 3615 478 3624 -
496 3588 554 3634 irinc
570 3590 713 3635 rim-Har.
731 3615 764 3624 -
776 3588 817 3634 iric
829 3593 882 3635 adv.
896 3591 975 3634 Beati.
1013 3591 1050 3632 lb.
1066 3588 1239 3648 (ubiqaompae

116 3659 248 3712 W,coni.)
286 3657 344 3705 806.
365 3666 448 3704 terrae
467 3674 523 3704 casu
536 3661 622 3713 tertio,
636 3659 781 3715 radicibus,
797 3665 880 3716 sext03
901 3661 934 3704 ila
952 3663 1016 3703 cerie
1033 3661 1110 3702 locum
1124 3659 1240 3702 intellexit

117 3731 271 3774 Censorinus
284 3729 313 3774 C.
329 3728 353 3777 i.
372 3727 499 3787 Epicuras
520 3756 530 3766 -
548 3755 558 3765 -
578 3728 686 3774 credidit
704 3730 764 3773 limo
782 3726 905 3788 calefacto
925 3735 1008 3772 uteros
1026 3727 1184 3787 nescioquas
1198 3742 1240 3770 ra-

115 3799 219 3843 dicibus
244 3804 327 3842 terrae
352 3796 514 3844 cohaerenter
528 3800 641 3856 primam
660 3799 809 3843 increvisse.
837 3795 907 3842 terrai
925 3809 953 3842 ex
972 3811 1019 3841 uuo
1039 3797 1120 3840 codice
1138 3795 1175 3846 Ji.
1195 3799 1238 3841 W.

116 3869 212 3912 Eicbst.
261 3865 319 3913 809.
341 3869 396 3912 ibas
415 3869 444 3913 L.
491 3865 550 3913 821.
571 3869 668 3912 animal
688 3869 779 3913 alm-H.
830 3865 889 3912 823.
910 3866 1043 3925 aeriaeque
1061 3866 1106 3908 Cd.
1123 3879 1191 3911 inens
1209 3868 1239 3911 C.

116 3939 239 3982 rursm.
266 3937 352 3981 ai'riae
378 3940 467 3981 omisso
489 3953 535 3995 qus
554 3939 621 3981 Bria.
643 3941 704 3994 quod
725 3937 817 3982 erroris
837 3938 955 3995 originem
973 3935 1076 3993 detegit:
1097 3950 1151 3979 nam
1169 3951 1241 3994 quum

116 4009 193 4051 semel
213 4009 235 4051 in
255 4009 316 4050 Cod.
337 4009 417 4064 aliquo
435 4002 591 4076 ἀρχετύπῳ
611 4010 641 4050 ila
661 4013 765 4052 erratum
791 4011 869 4060 esset,
900 4005 993 4048 librarii
1012 4009 1090 4050 metro
1109 4007 1240 4050 consulturi

116 4083 208 4120 temere
229 4079 377 4129 scripserunt
395 4075 543 4135 adriaeque,
571 4083 595 4120 ut
615 4078 702 4135 babent
721 4077 797 4120 Codd.
818 4089 869 4120 sex.
889 4075 972 4130 (eliam
990 4071 1035 4132 E.)
1064 4075 1160 4119 Morum
1179 4076 1240 4118 hunc

116 4146 291 4190 soloecismum
307 4153 451 4202 receperunt
464 4149 575 4201 Alteros,
595 4147 771 4202 professionem
790 4157 857 4189 snam
875 4145 920 4188 hoc
939 4149 1003 4189 cerie
1023 4147 1076 4188 loco
1095 4143 1239 4196 conficiens,

117 4221 142 4260 et
153 4217 229 4260 Wak.
245 4217 386 4274 elegantiam
406 4216 516 4260 lectionis
534 4217 676 4260 admiratus.
696 4216 808 4272 ,‚Pob‘ta‚
828 4215 917 4274 inquit,
939 4215 1142 4260 constructionem
1155 4214 1241 4257 immn-

116 4289 194 4329 tstam
212 4285 303 4339 voluit,
324 4291 348 4330 ut
366 4285 423 4330 alibi
443 4285 610 4342 saepissime-¹⁸
