2964 4814
242 211 302 274 toa

240 366 310 432 lllie
332 367 489 430 Iunonem
511 375 634 428 tentare
656 361 782 428 Ixionis
804 362 871 426 arui

303 469 485 531 Versantur
508 464 605 530 celeri
627 463 723 529 noxia
746 465 884 528 memora
908 476 999 541 rota,

170 613 174 620 ,
240 572 482 651 Porrectusque
506 585 620 632 novem
644 564 761 646 Tityos
782 585 842 647 per
862 565 975 648 iugera
997 576 1102 631 terrae

302 669 460 734 Assiduae
482 679 554 732 atro
578 667 701 732 viscere
724 667 826 748 pascit
848 687 937 732 aveo.

241 761 396 836 Tantalus
418 768 553 835 estillic
575 780 606 832 et
628 768 746 834 circum
769 779 903 852 stagna,
926 770 983 832 sed
1005 789 1111 832 aerem

302 874 370 937 Iam
393 872 453 934 iam
477 873 586 952 poturi
607 868 725 934 deserit
746 871 827 932 unda
850 869 953 943 sitim;

240 976 284 1038 Et
306 973 410 1038 Danai
432 972 558 1056 proles,
582 969 721 1036 Veneris
743 973 831 1054 quod
852 970 977 1034 numina
1001 969 1114 1046 laesit,

303 1077 341 1139 lu
364 1096 440 1138 cava
465 1075 625 1140 Lethaeas
649 1073 733 1136 dolia
754 1082 866 1156 portat
887 1092 998 1154 aquas.

239 1176 312 1241 Illic
334 1177 396 1253 sit,
421 1175 601 1259 quicunque
623 1196 712 1238 meos
736 1173 870 1238 violavit
892 1193 1039 1249 cruores,

305 1277 442 1361 Optavit
464 1278 563 1340 lentas
587 1288 619 1340 et
642 1275 719 1340 mihi
740 1275 877 1340 militias.

240 1380 287 1443 At
308 1390 341 1442 tu
365 1390 469 1456 casta,
494 1399 631 1459 precor,
657 1397 782 1442 mancas
803 1377 968 1461 sanctique
990 1378 1124 1460 pudoris

302 1480 451 1544 Assideat
473 1490 582 1544 custos
603 1480 712 1544 sedula
734 1499 859 1562 semper
881 1499 972 1543 auris.

239 1585 330 1648 Haec
352 1582 412 1646 tibi
432 1581 565 1647 fabellas
585 1582 705 1645 referat
726 1581 896 1665 positaque
917 1581 1046 1645 lucerna

302 1685 450 1748 Deducat
472 1684 564 1765 plena
587 1682 718 1746 stamina
731 1684 839 1767 *longa
861 1683 953 1757 colo;
1005 1724 1008 1732 ι

149 1775 151 1782 ’
241 1790 292 1850 Ac
315 1787 401 1848 circa
424 1784 576 1869 gravibus
599 1784 706 1866 pensis
729 1785 821 1848 affixa
844 1784 951 1864 puella

302 1885 473 1951 Paullatim
496 1907 609 1951 somno
630 1886 718 1949 fessa
741 1885 880 1950 remittat
902 1906 997 1968 opus.

241 1991 334 2052 'stunc
357 1987 480 2052 veniam
503 1988 611 2052 subito
634 1988 881 2071 necquicquam
904 1987 1026 2050 nuntiet
1047 2000 1141 2064 autc,

303 2091 366 2154 Sed
389 2091 500 2154 videar
523 2091 612 2154 caelo
636 2090 749 2154 inlesus
771 2093 879 2152 adesse
901 2088 973 2152 tibi.

241 2195 334 2258 'l'unc
357 2191 455 2266 mihi,
479 2190 582 2276 qualis
604 2189 689 2266 eris,
712 2192 831 2272 longos
853 2195 981 2260 turbata
1005 2193 1155 2275 capillos,

303 2293 408 2358 Obvia
431 2295 569 2368 nudato,
594 2293 705 2368 Delia,
731 2313 824 2356 curre
846 2296 939 2375 pede.

139 2432 147 2444 ·
238 2396 314 2459 Hoc
336 2415 475 2476 precor;
498 2396 584 2457 hunc
604 2391 690 2455 illum
715 2393 808 2458 nobis
829 2395 962 2466 Aurora
986 2397 1133 2460 nitentem

301 2495 488 2560 Luciferum
511 2497 614 2560 roseis
637 2495 770 2558 candida
792 2506 902 2578 portet
925 2497 1034 2579 cquis!

238 2672 282 2716 hae
301 2670 420 2716 debilitari
440 2683 487 2713 nou
506 2667 584 2713 debet.
647 2665 688 2712 71.
709 2667 773 2712 Tum
791 2669 866 2728 niger
885 2669 911 2712 in
927 2675 1003 2727 porto
1021 2683 1143 2727 serpena:
1161 2679 1213 2717 turn
1231 2666 1358 2720 Cerberus

239 2754 282 2785 ore
306 2741 370 2784 Scal.
392 2737 477 2792 Voss„
502 2737 547 2783 uisi
573 2738 634 2796 quod
654 2736 692 2782 hic
703 2749 750 2782 oru
769 2737 865 2792 scripsit
877 2751 906 2783 ex
923 2739 984 2782 Aen.
1003 2736 1035 2793 6,
1056 2737 1115 2800 576.
1152 2742 1198 2786 Sed
1214 2742 1259 2787 cfr.
1279 2744 1355 2799 Soph.

239 2809 301 2855 Oea.
320 2809 374 2853 eol.
400 2804 475 2852 156⁸.
524 2795 687 2866 ὦχῧόνιαι
704 2803 791 2865 neat,
818 2801 906 2869 σῶμά
928 2802 954 2856 τ’
976 2801 1120 2858 ἀνικάτου
1138 2805 1248 2878 θηρός,
1268 2807 1304 2864 ὃν
1321 2809 1358 2860 ἐν

145 2896 150 2900 ·
239 2873 361 2927 πύλαισι
377 2889 455 2936 φασι
480 2867 670 2935 πολυξέστοις
687 2867 832 2924 centenae
850 2871 1013 2936 κνυζᾶσδαί
1030 2871 1054 2925 τ’
1073 2871 1105 2938 ἐξ
1123 2870 1253 2963 ἄντρων,
1281 2874 1359 2929 ἀδά-

237 2958 335 3009 ματον
352 2938 474 3004 φύλακα
492 2937 559 3011 παρ’
577 2937 677 3002 Ἀΐδα,
695 2937 785 3008 λόγος
802 2940 867 3007 αἰὲν
884 2938 992 3004 α’νέχει.
1041 2945 1154 2991 Ceterum
1177 2947 1272 2992 sance
1291 2950 1357 2994 cdd.

170 3060 173 3064 ,
239 3015 335 3068 scripsit
355 3012 401 3067 In,
433 3014 500 3070 quasi
528 3017 586 3056 tunc
605 3013 720 3068 temporis
740 3014 862 3056 dumtaxat
876 3013 989 3058 strideret
1010 3015 1149 3070 Cerberus,
1169 3031 1240 3075 quatu
1260 3018 1358 3076 lugeret

239 3083 309 3128 turba
339 3082 379 3126 illa
406 3082 485 3137 impia.
536 3079 601 3134 Tum
628 3086 706 3126 auteur
728 3081 899 3125 continuationi
920 3083 1037 3128 orationis
1060 3086 1168 3130 inservit.
1205 3085 1254 3130 Nec
1277 3088 1357 3150 magis

239 3151 341 3208 probare
359 3152 440 3206 potui,
466 3151 527 3208 quod
545 3163 570 3193 u.
591 3147 633 3195 89.
657 3163 686 3194 ex
707 3164 754 3194 uno
779 3149 840 3195 Cod.
864 3149 926 3194 idem
947 3151 1047 3196 Lachm.
1070 3155 1135 3198 dedit
1153 3153 1218 3198 Tum
1244 3155 1355 3199 ueniam.

240 3219 282 3268 Π.
302 3220 398 3264 cirrum
416 3221 440 3263 h.
465 3221 482 3263 l.
502 3219 656 3274 adverbiuur;
677 3233 719 3264 nec
738 3233 796 3265 uero
815 3220 970 3274 supplendum
987 3235 1053 3266 aum.
1073 3222 1118 3280 clm,
1156 3224 1221 3274 Hand
1243 3224 1353 3268 Turseli.

239 3289 264 3334 2.
284 3304 308 3345 p.
329 3287 370 3334 70.
426 3286 468 3333 79.
490 3285 594 3331 Veneria
616 3286 709 3346 quode
732 3288 792 3331 Cdd.
815 3288 845 3331 1..
864 3301 908 3342 pro
929 3311 958 3322 -
989 3287 1094 3335 Veneria
1117 3305 1179 3350 quoa
1199 3293 1352 3338 Ceterorum.

239 3356 283 3404 87.
302 3357 372 3402 circa
399 3382 409 3393 ·
429 3383 438 3392 -
458 3382 467 3393 ·
497 3356 583 3414 pnello
600 3357 618 3400 i.
635 3355 660 3403 e.
686 3357 732 3400 alia
760 3355 846 3400 ancilla
867 3362 961 3411 praeter
982 3373 1054 3402 anum
1075 3374 1096 3403 s.
1119 3361 1244 3405 nutricem.
1294 3362 1354 3413 „lo.

238 3429 314 3474 llcnr.
333 3427 435 3471 Vossius
456 3431 522 3471 reete
546 3426 637 3469 notauit
664 3439 706 3480 per
735 3425 805 3468 circu
826 3422 955 3482 significari
983 3428 1126 3472 vicinitatem
1149 3444 1194 3473 uon
1216 3427 1353 3483 definitam,

238 3503 287 3542 tam
303 3498 331 3542 de
351 3510 398 3541 uno
416 3495 510 3540 homine
526 3507 596 3550 quam
615 3498 645 3539 de
667 3492 802 3549 pruritus?
837 3495 949 3549 (Vulpius
971 3501 995 3540 et
1013 3498 1140 3542 Wunderl.
1158 3495 1354 3556 significatucol-

239 3566 323 3612 lectito
341 3570 497 3620 acceperunt,
519 3568 544 3606 ut
560 3564 605 3608 Sil.
626 3561 656 3615 2,
677 3560 720 3606 84.
741 3562 841 3622 uirgine
860 3561 962 3608 ‹laucior-
980 3566 1023 3608 olo
1041 3570 1087 3608 eat.
1125 3566 1177 3610 Cir.
1197 3566 1295 3610 Lacinio.
1323 3569 1355 3610 ad

238 3636 315 3689 Prop.
335 3649 359 3690 p.
380 3630 454 3688 237.)
490 3632 602 3686 „Verum
622 3632 666 3674 elsi
682 3631 836 3689 grammatica
851 3633 914 3676 ratio
930 3647 976 3678 uon
995 3634 1158 3688 subvenisset,
1178 3635 1282 3680 riderem
1296 3637 1355 3689 poe·-

239 3709 287 3748 tatu
305 3707 330 3747 et
351 3701 479 3760 imaginem
500 3700 577 3744 alico
600 3699 759 3754 descriptam,
790 3701 814 3746 in
840 3716 886 3759 qua
915 3703 1001 3746 mullas
1026 3704 1123 3747 ancillas
1144 3705 1208 3747 circa
1233 3705 1355 3747 dominam

239 3785 323 3818 somno
347 3783 475 3826 oppressas
493 3768 638 3812 videremus.
674 3768 789 3812 Proiecto
807 3770 828 3814 si
851 3772 931 3825 plures
953 3775 1049 3824 essent,
1080 3772 1184 3829 garrulis
1201 3771 1354 3816 sermonibus

210 3845 213 3852 '
240 3853 349 3885 soranum
376 3838 546 3894 depulissent.”
588 3838 655 3881 Haud
673 3839 779 3882 Turseli.
800 3836 825 3882 2.
845 3849 869 3894 p.
891 3835 932 3883 61.
999 3833 1040 3884 89‘.
1060 3837 1149 3893 Hunc,
1178 3852 1272 3897 precor
1289 3841 1319 3884 lt.
1342 3855 1356 3884 e

240 3908 321 3964 paucis
339 3909 409 3951 codd.
431 3927 460 3940 ·-
480 3903 548 3960 Hoc,
573 3919 682 3962 precor,
706 3903 772 3950 hor!
795 3905 869 3952 Illum
890 3909 920 3951 V.
940 3932 973 3942 —
991 3905 1064 3954 Hunc
1079 3922 1189 3966 precor,
1220 3907 1285 3954 ltuac
1305 3911 1355 3952 uti·

239 3989 298 4020 aum
316 3975 424 4022 Brouth.
445 3975 504 4022 Col.
526 3972 549 4018 l.
587 3973 654 4030 (Cir.
672 3964 764 4036 οὗτος
783 3970 921 4037 ἐκεῖνος.)

641 4089 694 4136 Lra.
715 4091 735 4135 l.
772 4091 867 4138 ELEG.
888 4092 945 4136 Vll.
995 4083 996 4090 ’

294 4175 324 4222 Α.
344 4177 367 4220 d.
388 4175 444 4219 Vll.
464 4176 519 4220 Kal.
540 4175 641 4222 Octobr.
660 4193 683 4224 a.
703 4176 762 4223 727.
811 4180 916 4223 Messala
935 4193 964 4224 ez
985 4180 1042 4224 Asia
1066 4181 1164 4224 Roaiam
1189 4192 1301 4226 reversus
1326 4182 1355 4223 dc

240 4244 525 4304 aquitanis=uiurnphnm
544 4247 601 4302 egit.
625 4246 695 4291 Brevi
718 4253 800 4302 postea
822 4248 911 4304 scripta
932 4253 968 4292 est
986 4249 1009 4292 in
1033 4250 1084 4294 eius
1104 4251 1204 4296 natalem
1223 4249 1280 4293 haee
1305 4250 1354 4292 ele-
