2946 4816
228 191 289 254 226

200 369 204 380 ·
228 349 323 414 Nttne
346 347 532 432 Capitolino
556 347 654 411 vcluti
676 349 823 412 turbante
846 345 982 414 Camillo

228 451 368 516 Ensibus
389 462 422 514 et
443 451 558 514 trutina
582 451 667 514 Galli
688 450 803 534 lugere
825 451 956 527 relicta,

228 555 282 618 Sic
303 553 406 617 nostri
427 553 537 636 palare
560 572 651 618 senes
673 551 822 616 dicuutur
842 565 874 617 et
895 553 956 636 ipsi
1055 609 1061 624 ,

229 658 272 721 Ut
294 655 394 720 ferale
416 675 492 720 siros
515 675 595 718 ontra
618 655 797 738 exstirpare
818 654 958 720 libellos.

228 759 321 842 Ergo
345 755 555 822 Numantinus
578 755 785 842 Libycusque
807 756 928 822 erravit
949 757 981 820 in
1005 757 1068 822 isto

227 859 355 940 Scipio,
380 857 433 943 qni
457 857 586 922 Rhodio
609 859 712 923 crevit
732 859 892 924 formante
915 861 1088 942 magistro,

227 961 409 1045 Ceteraque
431 959 482 1024 illa
507 981 615 1023 manus
637 961 723 1024 bello
745 960 880 1026 secunda
902 965 1062 1036 sectando,

227 1063 317 1144 Quos
340 1063 422 1125 inter
442 1061 539 1144 prisci
561 1061 715 1126 sententia
738 1064 786 1126 dia
810 1060 944 1127 Catonis

226 1167 315 1228 Scire
337 1167 417 1227 adeo
440 1164 545 1248 magni
566 1164 694 1229 lecisset
722 1176 868 1230 utrumne
889 1167 1054 1244 sectandis,

228 1271 279 1333 An
304 1267 404 1352 magis
426 1264 570 1330 adversis
592 1277 691 1330 staret
714 1269 857 1332 Romana
880 1268 1056 1354 propago?

226 1369 357 1433 Scilicet
379 1369 536 1434 adversis:
560 1390 630 1432 nam
654 1391 750 1454 qttom
772 1369 936 1434 defendier
958 1373 1053 1436 armis

226 1475 343 1536 Suadet
365 1493 456 1539 amor
477 1471 599 1554 patriae
622 1484 652 1535 et
674 1471 802 1553 captiva
824 1473 991 1554 penatibus
1013 1493 1117 1550 texor,

226 1574 406 1652 Convenit,
431 1586 465 1638 ut
489 1573 622 1655 vespis,
646 1595 781 1658 quarum
804 1577 917 1639 donnus
938 1596 1013 1640 arce
1035 1577 1214 1652 Monetae,

226 1679 337 1740 'l'urba
361 1678 468 1762 rigens
491 1675 691 1764 strictisxper
713 1677 799 1740 lutea
821 1697 961 1760 corpora
983 1677 1068 1741 telis.

223 1781 285 1844 Ast
306 1779 361 1841 ubi
383 1799 457 1861 apes
480 1798 592 1841 sectura
614 1777 713 1854 rodit,
739 1777 837 1842 oblita
859 1779 1007 1844 lavorrun

224 1881 322 1946 Plebs
344 1892 517 1964 patresque
540 1901 598 1944 una
622 1899 736 1944 somno
759 1880 939 1944 moriuntur
961 1885 1076 1948 obeso.

224 1983 465 2047 Romulidarum
487 1981 587 2065 igitur
608 1982 705 2065 longa
728 1994 760 2044 et
783 1982 892 2065 gravis
916 1983 1045 2046 exitium
1067 2003 1144 2065 pax.

264 2086 340 2149 Hoc
360 2085 477 2149 labella
501 2087 597 2148 modo
620 2105 749 2167 pausam
772 2082 862 2148 lacit.
907 2085 1036 2166 Optima
1058 2087 1201 2167 posthac·
1285 2157 1294 2174 1

222 2189 340 2262 Musa,
364 2185 458 2249 velim
483 2207 630 2262 moneas,
654 2185 722 2250 sine
744 2207 806 2268 qna
830 2185 904 2250 mihi
928 2187 1010 2250 nulla
1033 2187 1182 2268 voluptas

221 2289 395 2365 †Vivere‚
420 2287 466 2351 uti
488 2290 646 2372 quondam
670 2288 887 2368 Smyrnalibus
909 2288 927 2324 ⁶
950 2289 966 2323 *²¹
990 2289 1128 2371 peribat,

221 2393 317 2454 Nunc
337 2391 443 2455 itidem
467 2390 606 2474 migrare
631 2390 707 2455 velit
731 2391 781 2454 rel
803 2390 938 2476 denique
961 2391 1103 2475 quidvis,
1174 2453 1178 2462 ,

222 2496 266 2558 Ut
288 2493 376 2570 Dea,
400 2513 519 2576 quaere
541 2492 645 2556 allude
671 2504 790 2554 tantum
815 2494 961 2557 Romana
985 2492 1108 2558 Caleno

222 2594 378 2672 Moenia,
403 2595 557 2660 iucundos
579 2595 764 2677 pariterque
785 2597 876 2658 tatere
899 2595 1049 2658 Sabinos.
1080 2657 1082 2664 ,

222 2699 312 2760 Haec
335 2717 418 2782 ego:
444 2709 509 2759 turn
531 2696 640 2778 paucis
662 2697 732 2760 Dea
755 2717 804 2760 me
826 2696 989 2778 dignarier
1011 2696 1096 2760 iniit:

222 2801 336 2873 „Pone
359 2810 459 2862 metus
483 2819 622 2881 aequos,
648 2799 765 2861 cultrix
788 2820 868 2861 mea.
913 2802 1041 2864 Summa
1066 2811 1201 2880 tyranno
1303 2801 1341 2862 bb

221 2903 312 2964 Haec
334 2900 451 2963 instant
474 2901 544 2964 odia
568 2909 601 2962 et
623 2911 737 2964 nostro
759 2900 919 2982 periturus
942 2902 1067 2964 honore
1090 2911 1156 2964 est:

132 3055 137 3066 .
221 3006 302 3066 Nam
325 3002 449 3064 laureta
473 3003 597 3064 Numae
618 3001 792 3084 fontesque
813 3002 988 3064 habitamus
1011 3005 1138 3066 eosdem

220 3107 263 3168 Et
286 3105 400 3168 comite
422 3104 543 3190 Egeria
565 3103 701 3167 ridemus
723 3104 826 3184 inania
849 3105 1000 3187 coepta.’'

219 3208 327 3283 Vive,
352 3208 436 3281 vale;
461 3219 566 3269 manet
588 3209 671 3268 hunc
694 3207 862 3302 pulchrum
886 3228 941 3269 sua
963 3207 1048 3270 fama
1071 3203 1236 3271 dolorem:
1333 3245 1335 3252 ·

220 3311 386 3372 Musarum
410 3310 543 3391 spondet
567 3309 685 3371 chorus
708 3320 739 3370 ct
763 3310 927 3373 Romanus
950 3309 1086 3391 Apollo.
1303 3312 1341 3372 70

217 3507 367 3554 condamne‘a
391 3504 524 3552 dl’exiH'
559 3509 604 3564 (La
623 3511 701 3554 satire
720 3511 749 3553 dc
767 3509 882 3567 Sulpicia
900 3510 1001 3554 tradoite
1023 3523 1051 3554 en
1078 3523 1133 3554 vers
1154 3510 1259 3565 franceis
1283 3515 1339 3554 aare

218 3582 259 3624 das
272 3585 340 3623 notes
353 3593 396 3634 par
414 3576 457 3622 Cb.
476 3577 595 3622 Monnrd.
611 3578 681 3622 Paris
698 3576 773 3623 tato.
786 3577 810 3623 8.
824 3591 847 3633 p.
862 3579 916 3633 51.)
928 3577 969 3622 lt.
983 3576 1023 3625 42.
1037 3575 1092 3623 Non
1107 3579 1161 3623 ald.
1183 3578 1217 3621 lb.
1237 3574 1339 3636 Cupito-

217 3647 280 3691 lr'ru‘r
299 3668 333 3682 -
351 3645 479 3692 lllsrcilaua
497 3648 575 3692 noun.
595 3645 706 3692 Ensibus
725 3648 778 3691 ald.
799 3649 839 3691 alii
859 3648 994 3692 Loncilmr.
1034 3644 1075 3694 43.
1094 3649 1184 3705 palare
1203 3653 1338 3702 anspertum

217 3722 269 3760 crat
284 3718 426 3771 dochinus,
458 3717 497 3773 qui
514 3717 680 3771 suspicabatur
694 3713 829 3776 fugitare,
862 3719 902 3761 sed
922 3718 1019 3771 propius
1041 3718 1070 3760 ad
1089 3717 1167 3760 Codd.
1188 3717 1337 3772 scriptur-aur

218 3788 340 3831 accederet
362 3786 487 3842 punitura.
539 3782 581 3832 44.
601 3799 648 3830 ruo
663 3798 739 3830 ronna
761 3787 815 3833 Ald.
837 3786 872 3830 lb.
890 3799 1029 3830 exsecrare
1051 3787 1080 3830 C.
1101 3787 1132 3830 ll.
1152 3786 1181 3828 Α.
1200 3792 1337 3846 exportare

217 3854 337 3898 Sclrwarz.
357 3856 439 3899 Burur.
457 3855 519 3898 coni.
559 3852 601 3899 46.
622 3853 791 3900 nundinale.
812 3856 953 3913 intelligitur
973 3855 1104 3899 Panaetius
1123 3855 1238 3901 Rhodius.
1274 3855 1336 3897 Male

217 3923 328 3966 Schwarz
352 3922 466 3969 Rudini.
495 3938 518 3970 e.
538 3925 625 3968 Ennio.
676 3922 718 3968 47.
739 3919 872 3982 Ceteroque
893 3926 947 3967 Ald.
968 3921 1055 3968 Cetera
1075 3929 1099 3968 et
1116 3925 1198 3968 Burin.
1221 3923 1335 3966 Wernsd.

219 3990 294 4044 (bello
305 3989 420 4050 secunda
429 3987 561 4051 foecundo
579 3991 646 4050 ltld.)
664 3992 791 4046 serrendo,
818 3995 834 4037 l.
853 4008 876 4037 a.
894 4007 953 4049 quae
972 3994 995 4037 in
1016 3993 1078 4036 bella
1098 4005 1213 4048 prospere
1232 3992 1336 4050 gerenda
1445 3983 1446 4050 l

216 4073 311 4114 semper
335 4062 510 4106 succrescebat.
560 4063 595 4105 lta
610 4062 664 4106 Liv.
686 4060 716 4116 5,
739 4059 781 4107 49.
800 4069 879 4105 artem
898 4062 975 4116 balli,
996 4060 1132 4105 secundnm
1155 4061 1336 4112 arcissaecuu·
1362 4069 1363 4074 ¹

216 4127 325 4172 dissime
337 4130 439 4186 proelio
460 4131 551 4175 Caesar
570 4132 598 4174 ll.
620 4131 650 4178 (t.
673 4129 703 4185 l,
726 4128 767 4175 ⁶2.
789 4136 813 4176 et
830 4131 967 4175 rectrudiua
980 4131 1108 4188 proelium
1132 4130 1191 4173 anu
1213 4129 1246 4173 ib.
1264 4128 1290 4183 2,
1311 4126 1333 4173 9.

215 4198 319 4252 Sulpicia
340 4199 432 4242 imitata
455 4205 492 4244 est
514 4201 572 4244 illud
594 4201 686 4244 lloratit
713 4199 760 4244 Od.
785 4197 809 4253 4,
831 4198 859 4254 l,
890 4197 932 4244 45.
974 4199 1033 4244 Post
1053 4198 1099 4244 lroc
1119 4197 1237 4243 annuus
1259 4210 1336 4256 usque

216 4266 345 4312 laboribus
365 4265 476 4311 Romano
494 4269 573 4324 puber
593 4270 681 4314 crevit.
728 4270 774 4313 ltlli
793 4283 846 4312 cnm
868 4266 1114 4344 Wernsel3socundo
1136 4270 1243 4326 legentes
1264 4280 1335 4322 erpo·
