2964 4814
107 223 344 320 vius.

219 382 267 446 At
289 371 359 445 vos'
373 377 494 463 exiguo
516 374 646 460 pecori,
670 375 822 460 furesque
843 374 992 459 lupique,

279 479 428 556 Parcite3
451 481 490 543 de
512 497 629 562 magno
652 488 700 542 est
720 479 841 560 praeda
861 479 1000 558 petenda
1021 497 1136 561 grege.

216 583 280 648 Hic
302 597 366 666 ego
388 592 617 665 pastoremque
639 601 740 644 meum
762 579 899 643 lustrare
921 577 1092 662 quotannis

252 657 255 684 ι
281 684 325 748 Et
346 683 501 766 placidam
524 681 615 746 soleo
636 700 791 764 spargere
812 681 895 742 lacte
917 681 1044 745 Palem.

214 784 355 860 Adsitis,
380 782 463 860 divi,
488 803 547 846 nec
570 801 629 846 vos
650 784 690 846 de
712 802 854 866 paupere
875 801 981 845 snensa

278 888 374 950 Dona
395 905 454 948 nec
477 905 494 948 e
516 882 605 966 puris
627 883 766 966 spernite
788 883 950 948 fictilibus.

214 987 340 1052 Fictilia
364 985 508 1069 antiquus
531 986 666 1068 primum
689 984 751 1048 sibi
770 984 850 1048 fecit
871 985 1006 1070 agrestis

277 1088 420 1162 Pocula,
446 1089 485 1150 de
506 1086 594 1150 lacili
616 1087 863 1172 composuitque
885 1087 967 1150 luto.

215 1191 290 1264 Non
314 1211 378 1271 ego
401 1187 526 1250 divitias
549 1199 675 1269 patrum
698 1189 885 1272 strictusque
907 1189 1062 1272 requiro,

282 1293 374 1372 Quos
396 1290 468 1353 tulit
489 1289 619 1374 antiquo
642 1289 769 1354 condita
792 1291 903 1355 messis
925 1311 1002 1354 avo.

221 1395 330 1458 Parva
353 1413 447 1476 seges
468 1391 545 1456 satis
567 1402 631 1465 est;
655 1391 730 1456 satis
751 1403 818 1467 est,
841 1392 1042 1476 requiescere
1065 1393 1149 1456 lecto

276 1495 312 1559 Si
333 1493 408 1557 licet
430 1505 463 1557 et
485 1493 584 1559 solito
608 1497 747 1557 membra
769 1494 880 1561 levate
902 1505 992 1558 toro.

214 1598 317 1677 Quam
339 1597 428 1660 iuvat
448 1594 584 1658 immites
607 1607 721 1662 ventos
743 1595 852 1678 audire
872 1597 1039 1660 cubantem

277 1699 321 1762 Et
343 1697 500 1763 dominam
522 1707 637 1762 tenero
661 1697 831 1760 detinuisse
851 1696 942 1760 sinu:

214 1800 301 1876 Aut,
327 1799 446 1884 gelidas
467 1799 619 1862 hibernus
641 1819 739 1880 squas
762 1818 859 1882 quom
881 1798 1000 1862 strderit
1023 1799 1161 1874 Auster,

276 1903 429 1965 Securum
450 1919 581 1965 somnos
602 1898 704 1962 imbre
726 1897 853 1962 intrante
876 1899 983 1982 sequi!

145 1991 149 2008 ⁸
214 2003 289 2067 Hoc
311 2001 387 2064 mihi
409 2002 595 2084 contingat:
620 2000 660 2064 sit
682 2000 771 2063 dives
792 2000 884 2076 iure,
908 1999 1054 2064 iurorem

277 2103 341 2183 Qui
363 2103 458 2166 maris
480 2114 512 2166 et
533 2101 642 2166 tristes
664 2101 754 2164 ferre
775 2112 884 2183 potest
906 2102 1046 2184 pluvias.
1094 2161 1098 2166 .

171 2231 173 2235 ’
214 2205 245 2268 0
267 2215 418 2288 quantum
440 2216 488 2267 est
511 2203 578 2267 auri
599 2215 713 2285 pereat
733 2203 905 2289 potiusque
927 2205 1106 2287 smaragdi,

278 2305 381 2384 Quam
403 2307 477 2369 fleat
500 2308 543 2369 ob
565 2315 692 2381 nostras
715 2305 777 2368 ulla
798 2306 903 2387 puella
929 2305 1015 2368 vias!

214 2409 263 2470 Te
285 2407 404 2470 bellare
426 2410 517 2470 decet
536 2419 643 2482 terre,
667 2408 830 2482 Messala,
855 2407 1016 2490 marique,

277 2509 322 2572 Ut
343 2511 455 2572 domus
477 2507 609 2572 hostiles
632 2508 795 2589 praeferat
818 2507 974 2570 exsuvias:

213 2609 273 2672 Me
295 2608 432 2672 retinent
453 2608 593 2673 vinctum
615 2610 777 2673 formosae
801 2609 904 2686 vincla
926 2611 1051 2690 puellae
1133 2625 1136 2632 ’

275 2713 320 2776 Et
342 2706 438 2774 sedeo
462 2711 556 2774 duras
578 2709 693 2774 ianitor
715 2721 786 2772 ante
808 2711 910 2775 iores.

212 2813 288 2877 Non
312 2832 375 2894 ego
398 2811 521 2874 laudari
543 2832 640 2886 curo,
667 2831 733 2873 mea
756 2811 870 2875 Delia:
894 2803 996 2874 tecum

274 2899 458 2975 Drinrmodo
480 2911 556 2988 sim,
582 2933 701 2994 quaeso
725 2913 831 2996 segnis
854 2913 1000 2994 inersque
1024 2936 1135 2978 vocer.

212 3015 261 3076 'l'e
283 3025 444 3095 spectem,
468 3033 615 3094 suprema
638 3012 713 3074 mihi
735 3034 833 3097 quoin
855 3015 980 3078 venerit
1000 3017 1100 3091 hors,

276 3117 325 3176 Tc
347 3125 470 3176 teneam
494 3113 632 3176 moriens
656 3113 822 3177 deficiente
846 3136 950 3179 manu.
1094 3127 1097 3132 ’

160 3220 165 3227 ’
213 3213 323 3278 Flebis
345 3225 513 3278 etarsuro
534 3214 673 3297 positum
697 3237 763 3291 me,
787 3216 899 3293 Delia,
924 3218 1031 3292 lecto,

276 3314 437 3377 Tristibus
460 3326 492 3378 et
514 3315 651 3378 lacrimis
675 3317 783 3379 oscula
806 3317 904 3380 mixta
927 3318 1029 3381 dabis.

273 3493 315 3541 28.
343 3497 424 3542 risum
456 3498 540 3546 Burin.
569 3511 619 3542 ser..
648 3499 679 3541 V.
737 3495 778 3543 29.
807 3496 929 3556 bidentes]
954 3514 1008 3546 rum
1035 3502 1095 3546 Cdd.
1124 3502 1154 3548 1..
1185 3525 1214 3536 -··
1243 3504 1330 3550 diden-

209 3571 257 3610 tsm
274 3565 409 3622 Regiensis.
436 3567 525 3622 Vulgo.
571 3562 623 3609 dl.
648 3572 687 3610 est
711 3568 793 3610 omisit
810 3568 841 3611 V.
866 3569 991 3613 demere.
1028 3570 1055 3613 ln
1073 3572 1152 3616 toedio
1174 3577 1326 3627 pentametro

209 3635 327 3678 collocent
345 3633 420 3700 Codri.
438 3635 554 3690 plerique.
575 3634 617 3676 W.
638 3635 667 3676 il.
687 3633 716 3678 1..
755 3634 781 3676 lu
799 3633 845 3678 fine
865 3635 941 3684 Codd.
956 3650 1007 3681 sex.
1023 3639 1067 3682 Ed.
1083 3651 1120 3693 pr.
1134 3641 1175 3694 tt„
1196 3655 1225 3686 us
1243 3648 1329 3696 pents-

205 3706 285 3748 snetsr
314 3702 336 3744 in
356 3702 454 3746 brevem
471 3701 587 3754 syttabum
615 3702 707 3745 desinet
725 3702 873 3758 eviteturque
892 3705 969 3749 hiatus
987 3721 1041 3750 euin
1061 3720 1118 3752 voce
1137 3722 1188 3765 seq.
1210 3711 1326 3755 Fortasse

210 3771 281 3814 nimis
299 3775 420 3814 sccurste.
485 3766 526 3814 36.
556 3767 634 3812 Pulso
652 3771 683 3814 V.
748 3766 791 3814 37.
816 3784 861 3814 uec
887 3787 940 3818 eum
958 3774 1017 3820 Cdd.
1039 3781 1062 3822 et
1080 3777 1143 3822 Scel.
1164 3778 1194 3823 L.
1214 3792 1258 3833 pro
1276 3793 1326 3824 uses

208 3838 280 3894 Vulg.
302 3852 314 3880 e
330 3851 442 3896 paupers
460 3851 514 3882 enin
532 3838 595 3882 scal.
616 3843 639 3882 et
656 3837 755 3882 Lechm.
775 3853 892 3895 reponere
911 3857 956 3886 uon
977 3846 1053 3897 potui.
1117 3843 1159 3890 ii.
1181 3845 1276 3904 lerose]
1289 3849 1324 3891 el-

208 3906 302 3958 levere,
336 3904 455 3959 reficere,
485 3919 608 3951 recreare.
652 3907 737 3952 iloret.
758 3907 804 3963 Ep.
828 3907 859 3963 2,
894 3909 921 3964 l,
955 3909 1037 3958 139.:
1075 3913 1186 3959 letrantes
1215 3921 1325 3972 tempore

201 3969 273 4030 sesto
291 3986 392 4029 corpus.
428 3974 468 4018 En
484 3975 597 4029 interpol.
615 3975 746 4034 Cdd.aliq.
765 3973 863 4036 referre
875 3980 907 4023 V.
921 3981 964 4024 W.
1020 3978 1062 4025 46.
1082 3984 1238 4030 continuisse
1249 3998 1323 4038 paene

208 4041 306 4084 ridicule
319 4041 381 4086 Celet.
401 4044 475 4098 aliq.;
494 4057 554 4100 quas
568 4044 639 4088 lectio
649 4049 702 4088 orte
715 4051 753 4090 est
765 4059 795 4090 es
806 4063 844 4101 eo,
856 4049 917 4104 quod
929 4048 989 4092 haud
1002 4051 1060 4094 sutis
1073 4051 1236 4110 intelligerent
1248 4054 1325 4110 signi-

207 4107 305 4152 ficatum
334 4122 358 4152 v.
387 4108 540 4165 detinuisse,
562 4107 713 4170 sensualem.
769 4113 812 4160 tt.
830 4116 914 4170 dices,
945 4117 1012 4172 inire
1029 4115 1149 4176 furorem
1176 4122 1237 4166 mira
1258 4123 1321 4166 coni.

208 4181 282 4221 Ceus.
301 4176 351 4222 leo.
371 4175 464 4221 firsnsts
482 4183 559 4224 tannen
578 4181 608 4224 ab
627 4196 674 4225 uno
691 4181 721 4226 L.
740 4183 838 4230 Codice.
893 4183 935 4230 50.
956 4191 981 4230 st
997 4187 1063 4230 euels'
1080 4187 1167 4234 nubilo
1176 4185 1253 4246 serre
1268 4196 1324 4246 pot·
1352 4189 1359 4236 f

208 4250 246 4288 sst
262 4245 382 4300 Excerpta
409 4251 466 4291 vett.
486 4269 518 4280 —
543 4245 651 4306 Hyadas
675 4263 719 4303 pro
735 4252 836 4308 plurios
854 4253 950 4299 volebat
968 4254 1052 4300 lleins.
1117 4253 1161 4302 st.
1182 4258 1242 4302 Cum
1261 4259 1321 4306 Cdd.
