2946 4816
256 177 319 247 266

257 339 302 408 Et
324 334 479 404 estreessi
501 333 608 423 gerite
628 345 705 422 post
724 333 782 403 leti
802 339 945 404 donum.

257 441 315 506 Bis
336 441 389 504 hie
410 439 534 524 septeni
556 461 679 506 meeum
701 441 824 506 natales
846 441 912 506 dies

257 541 414 607 'fenebris
436 553 602 619 tenentur,
626 540 711 609 Ditis
732 553 860 608 aeterna
884 546 1000 620 domo;

256 646 375 730 Rogo,
399 656 433 708 ιιι
454 643 617 710 discedens
638 655 757 710 terram
779 643 855 710 mihi
876 646 961 712 dieas
984 651 1100 712 levem.
1331 649 1368 710 20

277 803 377 870 XXI.
421 801 509 882 uuu
533 801 694 888 Verginii
712 801 952 888 Epitaphium.
985 805 1349 887 (tristissumum.)

256 913 322 980 Hie
344 913 421 978 situs
444 925 492 978 est
514 915 638 994 Rufus,
661 915 757 998 pulso
779 916 837 1001 qui
859 915 996 980 Vindice
1018 922 1178 1002 quondam

318 1015 491 1100 imperium
514 1017 649 1082 asseruit
669 1037 734 1083 non
755 1017 834 1094 sibi,
854 1020 914 1082 sed
933 1017 1071 1102 patriae.

332 1175 453 1243 XXII·
496 1175 602 1241 Statii
621 1171 861 1260 Epitaphium.
905 1175 1056 1256 (Anthol.
1079 1178 1124 1240 L.
1148 1176 1180 1240 2.
1205 1175 1295 1256 tot.)

256 1285 375 1354 Statius
397 1285 451 1351 bie
470 1285 549 1351 situs
571 1297 637 1365 est,
661 1285 809 1352 iuvenem
832 1309 925 1372 quem
950 1285 1069 1370 Gypris
1092 1287 1226 1364 ademit,

318 1391 518 1456 Praeconem
540 1390 668 1454 Aeneae
690 1387 828 1454 carmine
850 1391 938 1474 qiuod
958 1401 1132 1473 premeret.

339 1549 478 1616 XXIII.
521 1546 669 1613 Faenius
689 1549 865 1615 Antullae.
909 1548 1059 1626 (Anthol.
1084 1549 1127 1612 L.
1144 1549 1177 1613 d.
1200 1548 1291 1627 tut.)

255 1661 332 1728 Hoc
354 1681 462 1723 nemus
484 1670 615 1724 aeterno
638 1658 782 1723 cinerum
805 1659 944 1723 sacravit
964 1658 1085 1725 honori

318 1761 457 1827 Faenius
479 1774 512 1826 et
533 1759 610 1824 eulti
630 1759 744 1846 iugera
767 1783 868 1844 pauca
891 1761 966 1826 soli.

254 1865 332 1930 Hoc
352 1863 473 1948 tegitur
494 1864 559 1928 cito
581 1875 674 1946 rapta
694 1863 761 1928 suis
783 1865 914 1928 Antulla
937 1863 1130 1946 sepulchro,

318 1967 394 2030 Hoe
416 1963 477 2030 erit
498 1964 651 2030 Antullae
673 1965 790 2029 mixtus
813 1979 949 2049 uterque
970 1986 1098 2047 parens.

132 2117 136 2126 ,
255 2066 290 2134 Si
311 2066 399 2149 eupit
419 2069 504 2132 hinne
525 2066 660 2154 aliquis,
683 2088 817 2146 moneo,
843 2087 882 2132 ne
904 2079 1014 2150 speret
1035 2067 1192 2152 agellum3
1352 2067 1369 2129 5

318 2173 484 2254 Perpetuo
506 2169 642 2234 dominis
664 2169 783 2235 serviat
803 2170 862 2235 iste
883 2169 963 2234 auis.

255 2313 390 2377 XXIV.
413 2313 461 2375 1).
483 2311 540 2374 M.
563 2308 719 2375 Petronii
740 2309 974 2394 Antigenidis.
998 2308 1147 2389 (Anthol.
1173 2309 1216 2371 L.
1238 2312 1268 2370 d.
1287 2310 1369 2385 ott.)

298 2423 368 2498 Τιι,
392 2423 473 2503 pede
495 2419 549 2506 qui
572 2419 686 2486 stricto
709 2421 799 2485 vadis
821 2443 881 2504 per
902 2433 1011 2497 senta,
1038 2420 1162 2494 viatur,

256 2525 363 2600 Siste,
387 2545 490 2608 rogo,
514 2523 707 2608 titulumque
728 2545 831 2606 ιιιειιιιι
854 2544 893 2586 ne
916 2521 1101 2604 spreveris,
1126 2545 1200 2588 oro.

255 2626 312 2690 Bis
335 2625 447 2711 quinos
471 2647 572 2690 annos
594 2647 781 2709 mensesque
804 2627 903 2701 duos,
930 2628 993 2688 dito
1017 2626 1101 2689 soles

255 2728 293 2793 In
316 2728 439 2810 superis
460 2728 545 2804 feei,
570 2739 679 2792 tenere
702 2726 858 2806 muritus,
884 2740 1017 2792 sinatus.

254 2830 415 2914 Dogmata
438 2831 646 2915 Pythagorae
668 2828 752 2894 sensi
773 2831 974 2915 studiumque
997 2834 1173 2913 sophorum
1353 2831 1368 2891 5

255 2935 301 2998 Et
322 2932 424 2996 libros
446 2933 524 3017 legi.
568 2931 654 3018 Legi
676 2931 729 3015 pia
751 2932 889 2996 earmina
913 2933 1069 3010 Homeri,

256 3033 331 3097 Sive
354 3045 433 3118 qirot
455 3034 604 3099 Euclides
627 3037 728 3100 abaco
750 3035 949 3119 praescripta
972 3035 1107 3100 tulisset.

255 3134 394 3202 Delicias
418 3136 512 3201 habui
534 3137 656 3220 pariter
677 3138 829 3221 lususque
851 3160 1019 3222 proeaees.

256 3240 348 3303 Haeo
369 3240 499 3302 Hilarus
522 3238 598 3302 mihi
620 3241 817 3316 contulerat,
841 3252 934 3323 pater
955 3241 1043 3324 ipse,
1068 3253 1247 3324 patronus,

256 3342 375 3406 Sinon
398 3341 509 3406 inielix
533 3342 694 3406 contraria
716 3343 779 3406 ista
802 3342 995 3408 habuissem.
1334 3343 1370 3402 10

255 3446 352 3510 Nune
373 3465 454 3510 vero
476 3442 616 3508 infernas
639 3446 729 3507 sedes
752 3444 947 3510 Acherontis
969 3447 1008 3508 ed
1031 3449 1129 3508 undas

257 3549 421 3630 'l'etraque
444 3547 590 3612 'sartarei
611 3546 775 3628 persidem
797 3549 895 3612 tendo
919 3547 1086 3631 profundi.

256 3649 367 3734 Effugi
389 3649 538 3713 tumidam
562 3648 670 3712 vitam.
715 3651 815 3732 Spes,
840 3650 943 3713 iorum
967 3652 1106 3714 veletur

255 3751 311 3815 Nil
334 3751 409 3814 mihi
431 3751 596 3816 vobiscum
621 3763 681 3816 est.
726 3751 822 3816 Alios
844 3751 1002 3827 deludite,
1028 3773 1161 3834 quaeso.

256 3854 348 3916 Haeo
362 3857 475 3917 domus
491 3866 617 3918 aeterna
641 3867 701 3918 est.
747 3854 811 3917 Hie
826 3875 893 3918 sum
911 3855 1010 3928 situs;
1033 3853 1084 3916 hic
1100 3876 1157 3918 ero
1174 3875 1308 3936 semper.
1333 3853 1368 3914 to

325 4051 422 4100 xxm.
442 4055 526 4100 Exstat
538 4058 609 4102 etiarn
622 4057 682 4110 apud
696 4056 832 4100 Martialem
849 4053 871 4100 1.
888 4053 945 4102 117.
969 4053 992 4100 l.
1012 4054 1102 4100 honori
1116 4069 1145 4100 ex
1164 4055 1226 4100 Cod.
1241 4056 1368 4099 Lublraeus.

257 4118 349 4166 honore
368 4125 396 4168 B.
434 4125 530 4170 XMV.
550 4145 583 4160 ·-
598 4132 674 4183 puter
693 4131 764 4184 ulqrte
781 4130 904 4182 patronus
922 4127 987 4170 Pul».
1007 4127 1114 4180 Burtu.;
1135 4127 1177 4168 sed
1196 4131 1253 4170 est:
1274 4130 1369 4178 „tsntro-
1442 4127 1443 4138 ¹

258 4204 316 4242 ιιιιι,
344 4193 382 4247 qui
402 4199 500 4246 paterno
519 4208 601 4239 artiore
620 4209 657 4242 tus
678 4199 818 4250 prosecutus
837 4196 899 4240 eust
949 4193 989 4240 12.
1005 4191 1150 4254 persidem]
1172 4195 1223 4240 dedi
1244 4198 1272 4240 de
1288 4194 1369 4238 wue-

257 4255 320 4306 lieldi
339 4261 404 4304 coni.
422 4276 520 4320 -prr
537 4262 625 4308 ridere
643 4261 707 4308 uulld
725 4261 842 4308 sententill
861 4265 952 4310 Ceteri.
