2948 4820
123 357 220 420 Luna
242 353 351 430 veuit;
375 373 472 418 roseo
495 351 566 416 talis
588 355 654 434 por'
670 349 775 415 nubila
799 353 914 414 ductor

123 458 240 540 Implet
261 458 386 526 honore
408 475 516 518 nemus
540 456 697 538 talemque
720 465 885 535 exspectat
907 463 1076 516 esitantem.

123 563 211 624 Ecce
233 569 334 620 autem
358 557 493 638 pavidae
518 555 612 640 virgo
636 559 674 618 de
698 577 786 620 inore
809 556 996 630 columbae,

93 675 94 680 ’
125 663 215 742 Quae
238 661 334 742 super
356 659 476 742 ingenti
499 658 690 721 circumdata
714 656 876 740 praepetis
899 651 1010 720 rrurbra

124 765 162 826 In
187 782 407 846 quemcunque
430 772 568 823 tremens
590 759 747 824 homiuem
772 759 875 833 cadit,
899 760 985 820 baud
1007 777 1098 821 secus
1123 756 1173 819 illa

125 867 206 932 Acta
230 863 345 926 timore
368 862 461 946 gravi
484 861 614 924 mediam
637 883 672 924 se
696 860 800 934 misit3
824 873 855 922 at
877 859 930 924 ille
1205 857 1246 918 35

124 964 265 1046 Excepit
287 966 470 1048 blandoque
492 964 583 1044 prior
605 963 651 1026 sic
674 983 731 1027 ore
755 964 899 1026 loeutus:
1194 955 1196 959 ’

126 1097 141 1142 ,’,
155 1069 303 1156 Οἱάοοιιε
325 1065 357 1128 in
380 1077 509 1129 nostros
534 1087 679 1148 maguum
705 1077 834 1127 ventura
861 1075 1012 1145 penates,

125 1170 267 1251 Solaque
290 1179 448 1230 tantarum
474 1167 568 1251 virgo
591 1169 676 1230 baud
697 1165 825 1250 indigna
850 1165 972 1229 viarum

82 1327 84 1334 .
125 1268 231 1334 Causa
254 1281 380 1351 reperta
404 1267 496 1344 mibi,
520 1269 665 1334 iamiam
687 1289 752 1332 non
776 1269 840 1331 ulla
862 1267 996 1351 requiro

126 1372 258 1434 Vellera
281 1382 376 1454 teque
398 1391 487 1434 meae
510 1370 585 1434 satis
609 1380 657 1434 est
679 1370 805 1434 vexisse
827 1353 969 1433 carinae
1206 1369 1248 1430 ¹10

126 1477 250 1537 Verum
274 1493 352 1558 age,
376 1483 409 1535 et
431 1475 493 1536 boc
515 1472 626 1550 etiam,
650 1473 778 1555 quando
799 1482 912 1553 potes,
936 1469 1035 1532 adiice
1057 1467 1150 1532 tantis

127 1575 322 1638 Muneribus
345 1573 530 1659 meritisque
552 1573 637 1650 tuis3
661 1595 796 1657 namque
819 1594 913 1636 aurea
938 1573 1014 1634 iussi

28 1729 32 1738 .
128 1679 235 1762 Terga
257 1677 381 1740 referre
403 1697 529 1752 sumus;
554 1675 661 1740 socios
685 1695 720 1740 ea
744 1675 850 1760 gloria
872 1674 1012 1759 tangit.'’

128 1778 181 1842 Sic
204 1778 265 1854 ait,
289 1789 321 1841 et
342 1777 451 1860 primis
474 1778 611 1861 supplex
634 1777 719 1840 dedit
742 1777 850 1840 oscula
872 1776 1000 1859 palmis.
1087 1798 1089 1804 ¹

171 1880 295 1946 Contra
318 1879 413 1964 virgo
437 1879 529 1950 novis
551 1879 668 1944 iterum
688 1878 887 1973 singultibus
903 1900 976 1943 orsa
1001 1889 1069 1942 cst:
1203 1880 1248 1944 *ts

128 1981 282 2066 „Linquo
304 1984 418 2045 domos
439 1981 560 2062 patrias
581 1991 611 2042 te
632 1993 769 2063 propter
790 2003 934 2065 opesque
957 2002 1120 2055 mensuum

129 2083 199 2143 Nec
219 2081 281 2142 iarn
304 2100 387 2142 nrrnc
407 2078 518 2163 regina
541 2080 679 2164 loquor,
702 2079 902 2162 sceptrisque
924 2078 1044 2142 relictis

129 2183 219 2246 Vota
241 2201 378 2266 sequor;
401 2202 494 2245 serva
517 2182 599 2244 bane
620 2182 798 2265 profugae,
822 2180 914 2262 prior
935 2180 1005 2261 ipse
1029 2178 1142 2242 dedisti

130 2283 234 2363 Ossam
257 2283 333 2360 (scis
355 2286 479 2366 nempe)
499 2284 607 2350 iidem.
649 2283 694 2346 Di
716 2282 832 2348 uostris
856 2282 991 2348 vocibus
1015 2284 1149 2359 adsunt,

132 2384 244 2448 Sidera
267 2395 298 2448 et
321 2385 401 2448 baec
422 2396 453 2449 te
476 2407 590 2469 meque
614 2384 739 2460 vident3
761 2396 1050 2468 tecnmaequorn,
1076 2396 1178 2447 tecum
1210 2388 1250 2446 50

130 2487 292 2568 Experiar
315 2508 519 2571 quascunque
544 2487 627 2562 vias3
652 2491 750 2554 modo
773 2508 811 2550 ne
834 2486 906 2571 quis
928 2490 1071 2549 abactam

130 2590 205 2652 Huc
227 2587 346 2652 referat
369 2611 416 2651 rne
438 2590 525 2652 sorte
547 2589 615 2652 dies
637 2589 801 2672 oculisque
822 2587 963 2671 parentis

130 2692 285 2774 Ingeram
308 2693 371 2754 hoc
393 2712 547 2773 superos,
571 2692 635 2755 hoc
657 2701 688 2754 te
711 2691 839 2773 qnoque
865 2692 1044 2771 deprecor,
1070 2690 1229 2771 bospcs.''

174 2795 265 2870 Hlaec
287 2793 329 2855 ait
350 2803 445 2876 atquc
468 2793 575 2856 lurens
598 2792 710 2874 rapido
734 2813 792 2874 per
814 2792 905 2854 devia
927 2791 1022 2872 passu

133 2894 290 2957 Tollitur.
335 2895 395 2958 Ille
418 2897 528 2957 baerct
550 2916 657 2959 comes
680 2905 712 2956 et
734 2893 901 2956 miseratur
924 2904 1067 2966 euntem,
1210 2895 1250 2956 55

133 2997 238 3075 Quom
261 2997 367 3062 subito
390 2997 549 3081 ingentem
572 2995 673 3060 media
696 2997 778 3059 inter
800 2994 907 3058 nubila
929 2985 1083 3056 flammam

134 3097 301 3180 Conspicit
324 3111 354 3161 et
376 3121 470 3163 saeva
493 3101 654 3162 vibrantes
675 3100 746 3164 luce
769 3101 933 3163 tenebras.

135 3199 239 3279 „Quis
261 3202 364 3263 rubor
385 3200 445 3263 istc
467 3200 559 3282 poli?
583 3206 670 3285 quod
692 3213 754 3264 taut
778 3202 916 3284 lugubre
938 3201 1063 3264 relulsit

134 3301 278 3365 Sidus?''
302 3302 362 3376 ait;
385 3292 487 3388 reddit
508 3302 636 3386 trepido
660 3305 710 3368 cui
733 3302 806 3366 talia
829 3304 948 3386 virgo:

132 3405 259 3488 „lpsius
283 3426 321 3468 en
345 3406 456 3470 oculos
478 3417 510 3469 et
531 3406 648 3470 litanina
670 3418 764 3470 torva
787 3404 936 3469 draconis
1210 3408 1251 3467 bl)

132 3636 196 3682 cet.''
221 3659 253 3669 -
272 3636 350 3694 longo
368 3658 378 3672 ·
397 3659 407 3671 ·
425 3640 526 3679 senecta
544 3637 633 3694 Volgo.
681 3633 722 3680 16.
752 3647 878 3694 satrapeam
897 3657 907 3671 ·
927 3659 937 3671 -
955 3635 1112 3692 spernenda,
1147 3638 1171 3678 ut
1197 3639 1252 3689 pots

132 3721 191 3764 quae
222 3704 351 3748 inanimum
379 3705 529 3748 commodum
555 3719 582 3748 ae
609 3707 709 3750 salutem
729 3707 751 3750 ei
770 3706 871 3748 allatura
890 3709 962 3748 esset.
988 3727 1021 3738 —
1048 3717 1173 3763 nunquam
1192 3717 1237 3760 spe

132 3774 216 3818 raudo
233 3774 317 3818 Barth.
337 3797 370 3807 -
389 3787 438 3817 non
457 3772 619 3830 aspernando
637 3775 719 3819 lleins.
770 3771 811 3818 20.
839 3770 930 3830 eiecto]
951 3787 1005 3816 curu
1022 3774 1082 3818 Cdd.
1106 3773 1199 3816 Weicb.
1223 3793 1251 3804 -

132 3849 217 3888 erecta
235 3845 322 3900 Volgo.
374 3839 416 3886 23.
435 3838 502 3900 serit
520 3843 639 3896 „pedibus
658 3843 761 3898 pulsat.”
785 3837 868 3885 lturm.
902 3841 1076 3898 (percincti,
1102 3842 1252 3888 lllelicertue.

133 3937 165 3947 -
184 3912 281 3958 coniux
299 3909 436 3966 Athamas.)
481 3909 523 3956 28.
542 3911 693 3966 Endymion,
712 3927 726 3956 a
745 3911 830 3955 Latmo
850 3911 936 3956 Cariae
955 3915 1046 3954 mosne.
1084 3909 1126 3954 29.
1149 3930 1177 3940 ·-
1198 3911 1255 3952 eler-
1333 3901 1335 3906 ’

131 3983 164 4027 n's
182 3981 302 4026 cornibus
321 3983 404 4030 lleins.
451 3982 497 4024 Sed
522 3986 559 4026 est
583 3981 661 4038 imago
682 3981 772 4024 Dianae
801 3993 858 4034 prae
880 3979 1021 4024 verecundia
1039 3980 1092 4023 velo
1121 3983 1190 4032 capnt
1211 3978 1253 4020 ob-

133 4053 250 4096 ducentia.
271 4051 382 4096 Caussin.
415 4049 456 4097 33.
476 4063 552 4106 super
571 4063 614 4103 pro
631 4049 747 4107 desuper.
781 4045 824 4093 35.
843 4047 906 4093 Aeto
924 4075 934 4086 ·
952 4073 962 4084 ·
981 4061 1009 4092 ee
1027 4046 1106 4104 emisit]
1126 4047 1252 4090 corruent.
1283 4088 1286 4094 .

132 4122 231 4168 Weicb.
252 4141 285 4154 -
304 4121 355 4165 ieta
375 4145 383 4156 ·
402 4145 412 4156 ·
431 4135 458 4166 aa
477 4119 584 4164 irnrnieit
597 4121 679 4166 Burrus.
719 4115 761 4162 ll·
781 4121 863 4178 „wig
880 4109 985 4184 ἄκροις
1002 4113 1061 4165 τῶν
1078 4109 1255 4165 ὁακῐύλων·”

134 4191 176 4238 W.
221 4187 263 4234 ld.
293 4221 305 4243 ,,
315 4191 474 4247 Coniugium,
499 4190 562 4245 qnod
586 4189 654 4232 lason
680 4180 803 4244 roverfat.”
822 4189 863 4232 W.
884 4211 916 4221 -
928 4184 990 4246 soto
1008 4177 1168 4232 Slotbouweri
1187 4197 1253 4242 susp.

136 4257 177 4306 53.
197 4257 315 4318 ingeram]
335 4273 387 4304 cum
406 4262 466 4305 Cdd.
486 4259 528 4304 W.
549 4281 582 4292 -
601 4259 702 4318 ingeret
720 4258 809 4315 Volgo.
