2948 4820
381 375 473 440 Illius
495 375 587 439 labor
609 381 659 434 est
680 369 789 436 nobile
810 369 981 452 pabulum:

381 476 524 544 Acclinis
541 473 647 558 clipeo
668 472 849 557 porrigitur
870 471 980 557 quies3

422 577 642 662 Accenditque
662 597 813 660 soporem

464 680 550 746 Belli
572 681 663 745 dulce
685 680 876 764 periculum.

380 805 447 866 Iarn
470 823 541 866 curn
564 800 696 866 sidereis
719 801 784 866 otia
806 799 981 876 fratribus,

380 907 444 970 lam
468 925 539 968 cum
562 903 748 970 fulminibus
770 901 895 986 proelia
916 901 1046 980 dividit3

422 1007 630 1092 Lustralique
654 1007 812 1072 Tonantis

466 1111 572 1176 Gestit
594 1110 715 1176 sulfure
738 1109 900 1196 spargier.

381 1235 486 1316 Supra
507 1233 574 1298 sata
594 1253 699 1316 rapax
721 1231 836 1296 tollere
858 1251 912 1307 se,
937 1233 1045 1295 domat

381 1335 549 1403 Formosis
572 1333 720 1398 humilem
744 1337 802 1398 sub
825 1333 961 1417 pedibus
988 1345 1116 1399 metum.

353 1505 358 1514 ,
424 1438 459 1503 Si
482 1439 626 1502 Fortuna
648 1437 793 1513 lacessit,

466 1542 626 1608 Constans
649 1539 794 1603 adiicitur
815 1539 890 1604 sibi.

381 1665 446 1738 At,
472 1683 568 1748 quom
591 1661 749 1746 pulvereo
771 1663 871 1726 iurnat
892 1665 933 1726 ab
956 1684 1117 1748 aequore,

381 1766 512 1849 Corpus
535 1787 599 1828 non
624 1763 728 1849 gelida
749 1764 886 1829 fluminis
909 1765 1026 1828 abluit:

424 1871 487 1932 Sed
508 1871 626 1933 sudore
648 1867 793 1944 lavatur,

464 1971 627 2055 Neglectu
648 1971 720 2035 Dea
742 1970 921 2052 pulchrior.

382 2091 465 2158 Auri
486 2093 570 2155 nulla
593 2093 712 2169 sames,
743 2093 828 2156 nulla
850 2091 917 2156 sitis
939 2091 1033 2156 lucri.

380 2195 584 2279 Dedignatur
605 2195 733 2258 humum
755 2195 856 2278 figere
878 2193 1022 2277 spiculis.

423 2303 531 2369 Arcus
554 2309 622 2362 tota
645 2298 762 2381 cupido

466 2405 590 2468 Metam
612 2403 715 2465 fertur
736 2400 766 2463 in
791 2403 933 2465 arduam.

381 2523 595 2588 Promittente
617 2543 726 2586 necem
750 2523 884 2587 volnere
908 2519 1050 2606 gloriae,
1097 2553 1099 2558 ·

380 2627 505 2711 Migrat
526 2648 597 2688 cum
621 2625 750 2689 domino
771 2626 835 2688 fida
857 2646 965 2690 comes
988 2647 1068 2692 suo:

423 2729 608 2812 Heredique
631 2729 778 2811 superbit

466 2831 586 2917 Linqui
608 2851 667 2896 eeu
689 2831 825 2914 spolium
849 2833 960 2916 pigro.

593 3150 711 3214 xvu.
748 3133 952 3215 ponus

213 3237 408 3356 scripturus
436 3271 620 3335 historiam
655 3271 709 3334 sui
736 3273 902 3354 ternporis
938 3271 1177 3339 VERITATI
1202 3271 1334 3334 nudam

502 3392 602 3434 aram
620 3370 733 3454 ponit.
768 3371 818 3437 M.
833 3368 909 3435 DC.
926 3370 1042 3434 XLII.

384 3511 518 3590 Qualem
540 3505 685 3575 Noie‘ruus
709 3509 869 3574 montibus
893 3509 987 3576 altior

382 3614 592 3699 Enavigatis,
625 3614 746 3677 Oceani
768 3612 862 3677 simul

426 3717 575 3780 Subsedit
598 3728 719 3792 aestus,
743 3717 851 3780 fertur
874 3737 959 3788 aratu

466 3820 520 3883 Ex
541 3819 672 3884 rudibus
695 3817 844 3883 statuisse
866 3819 970 3882 saxis:

1465 3934 1472 3968 l

381 3961 446 4024 Hlo
467 3980 555 4044 pono
578 3962 734 4044 supplex,
760 3982 780 4023 o
802 3961 889 4036 Dea,
915 3958 1081 4042 pulchrius
1316 3961 1334 4024 5

383 4063 494 4128 Soluta
517 4063 638 4140 crines,
663 4063 783 4126 rrtstioa
807 4063 973 4125 Vestras.

425 4168 502 4230 Non
525 4167 669 4231 Atticum
691 4165 846 4248 promitto
870 4187 1012 4230 marmor

467 4271 550 4333 Arte
574 4273 700 4352 Scopae
724 4269 877 4334 variatum
902 4281 933 4333 et
956 4289 1054 4346 astro,
