2946 4816
205 221 269 289 edo

204 379 354 459 Vindex,
377 377 430 446 ille
451 373 535 455 loni,
558 373 664 462 legum
686 371 829 460 iurisque
850 383 1014 463 togaeque

204 484 340 552 Publica
362 503 429 549 uox
450 479 554 546 saevis
576 491 738 545 aetas-nuni
761 479 918 544 obtuentuit
940 478 1049 544 armis.
1288 477 1330 540 15

204 585 368 652 lnlenmes
390 583 498 650 voltus
520 601 726 666 sparsamque
747 601 865 646 enuere
886 581 1025 646 nelaude

205 687 363 756 Canitiem
385 705 556 770 sacrasque
578 705 687 750 manuus
710 703 909 767 operumque
931 681 1090 748 ministras

205 793 386 856 Tantorum
408 787 543 872 pedibus
565 784 645 850 ciuis
667 785 809 869 proiecta
831 783 978 868 superbia

204 889 415 959 Proculcauit
437 910 538 956 nnana
559 909 618 954 nee
639 885 762 952 lanbriea
784 885 848 951 iata
871 889 1012 971 deosque

204 991 375 1076 Respexit.
419 991 520 1056 Nullo
541 991 606 1054 luet
628 991 692 1054 hoe
713 987 874 1055 Antonius
896 1010 993 1056 aevo.

203 1097 282 1162 Hoc
303 1115 362 1159 uec
383 1093 415 1157 in
438 1091 589 1158 Emathio
612 1091 694 1156 mitia
716 1091 853 1158 victoria
876 1093 997 1169 Perse,

205 1199 346 1275 Necte,
371 1195 439 1260 dine
461 1195 616 1278 Syphax,
638 1213 702 1258 non
724 1191 803 1257 iecit
823 1193 857 1257 in
878 1194 970 1260 hoste
991 1193 1169 1280 Philippot

204 1299 308 1383 Inque
328 1298 525 1382 triumphato
548 1295 683 1360 ludibria
705 1307 816 1359 enecta
840 1295 995 1380 luugnentha

204 1401 392 1468 Abluemtnt
414 1409 609 1485 nostraeque
630 1400 747 1462 cadens
768 1397 856 1461 leneus
878 1397 1038 1462 Hannibal
1059 1397 1126 1463 inae

204 1503 357 1569 Membra
381 1513 485 1566 tamen
507 1501 634 1586 Stygiae
657 1500 727 1566 tulit
749 1498 901 1566 inviolata
923 1503 983 1565 auh
1006 1502 1148 1568 umbras.
1287 1501 1331 1566 25

266 1700 352 1766 XII·
396 1699 438 1764 ln
460 1694 639 1762 Tiberium
661 1697 858 1761 Caesarem.
902 1694 1175 1775 (autunum.
1200 1695 1268 1774 73.)
1338 1772 1342 1780 ¹

205 1836 348 1920 Adspice
369 1835 496 1901 felicem
518 1834 599 1912 sibi,
623 1856 686 1901 non
709 1833 784 1911 tibi,
809 1835 967 1911 Romule,
993 1834 1136 1913 Sullam,

269 1941 314 2004 Et
335 1937 498 2015 Manium,
521 1937 550 2002 ei
571 1937 637 2013 vis,
664 1936 808 2019 adspice,
832 1939 889 2000 sed
910 1939 1072 2001 reducem.

207 2042 364 2108 Necnon
388 2038 512 2104 Antoni
534 2038 640 2104 civilia
663 2039 747 2102 bella
770 2037 945 2115 moventia,

270 2143 343 2207 Nee
364 2142 462 2206 semel
482 2140 616 2206 iniectas
638 2141 765 2224 adspice
787 2143 885 2204 caede
908 2161 1035 2204 ananus:

206 2245 251 2310 Et
273 2244 343 2323 die,
367 2245 472 2310 Roma
494 2243 594 2327 penit,
617 2244 765 2328 regnabit
787 2242 939 2326 sanguine
961 2241 1081 2322 mnelto,
1307 2244 1331 2308 5

270 2349 325 2412 Ad
346 2367 480 2432 regnum
503 2345 647 2432 quisquis
669 2343 757 2410 'venit
779 2346 818 2407 ab
841 2344 952 2410 exilio.

270 2544 373 2610 XIII·
417 2540 615 2607 Germanici
636 2541 865 2607 Caesariensi
885 2539 1047 2605 Plaetoria
1073 2542 1258 2604 tamaium.

580 2644 731 2725 (Anthol.
755 2645 798 2706 L.
823 2645 854 2708 l.
880 2644 969 2723 tua.)

207 2784 328 2851 Martia
351 2782 543 2868 progenies,
568 2785 716 2860 Hector,
739 2813 781 2828 ·-
803 2781 915 2845 tellure
938 2783 997 2846 sub
1018 2781 1080 2847 ima

270 2890 334 2953 Fas
357 2887 465 2952 audine
488 2898 591 2950 tamen
614 2886 640 2949 si
662 2907 728 2948 mea
753 2886 851 2948 verba
875 2883 931 2950 tibi
949 2920 990 2933 -

206 2990 367 3072 Respiea,
392 2990 540 3074 quoniam
565 2989 682 3052 vindex
705 2988 763 3052 tibi
785 2987 919 3072 contigit
942 2989 1055 3066 henes,

274 3091 336 3171 Qui
359 3090 480 3174 patriae
501 3091 615 3154 ianuam
638 3089 785 3172 proferat
808 3111 908 3174 usque
931 3101 1016 3154 tuae.

208 3192 289 3258 Ilios
312 3213 350 3254 en
373 3196 476 3276 surgit
498 3213 622 3254 numum
646 3191 769 3266 iactum
795 3213 872 3276 gens
895 3191 972 3256 colit
993 3191 1095 3270 illam,
1309 3197 1332 3260 5

273 3296 322 3358 Te
345 3296 455 3358 Marte
477 3291 631 3370 inferior,
655 3294 775 3357 Martis
799 3292 897 3356 amica
920 3305 1037 3359 tamen.

208 3396 430 3479 Myrmidonas
452 3395 586 3479 peciisse
609 3416 718 3459 omnes
742 3395 810 3472 die,
835 3400 980 3475 Hector,
1005 3396 1141 3477 Achilli,

273 3498 472 3564 Thessaliam
495 3509 528 3563 at
550 3496 673 3584 magnis
697 3519 765 3562 esse
787 3502 846 3564 sub
869 3500 1044 3566 Aeneadis.

278 3727 347 3774 xltt.
368 3726 393 3773 l.
408 3723 536 3788 prosecat]
553 3727 618 3773 uitta.
637 3727 721 3772 lieins.
737 3725 871 3788 praeferet
888 3731 971 3776 Buem.
1009 3731 1122 3778 Ceterum
1140 3747 1282 3780 conversum
1293 3744 1335 3783 est

211 3799 241 3844 ab
259 3799 319 3844 llalo
331 3799 441 3857 aliquod,
461 3802 487 3842 ul
504 3802 578 3854 pulc,
599 3810 628 3842 ex
646 3797 804 3856 Authologiae
822 3799 901 3846 Palat.
921 3801 952 3850 Τ.
973 3797 998 3845 2.
1018 3814 1043 3858 p.
1065 3799 1123 3848 1³8.
1142 3803 1174 3850 N.
1195 3801 1255 3850 331⁶.

276 3934 398 4062 ‘'Exrpp
416 3932 641 4024 an'iovmuipo,
660 3937 738 3991 amad
754 3937 866 4004 χθονὸς
882 3937 913 3992 sl
926 3955 984 3995 που
1002 3937 1141 4007 ἀκούεις,
1262 3955 1264 3961 ·

274 4069 290 4093 u
377 4014 442 4079 utps
459 4009 511 4060 καὶ
527 4022 700 4128 epanenses
716 4006 807 4072 βαιὸν
823 4004 897 4082 ὑπὲρ
915 4011 1063 4084 πατρίδος.

285 4075 366 4129 liene
384 4081 509 4129 οἰκεῖται
526 4095 544 4129 κ
578 4075 625 4143 eve>
643 4076 748 4141 πόλις,
767 4073 877 4150 ἄνδρας
895 4074 1011 4144 ἔχουσα

279 4213 327 4263 Μ.
348 4143 749 4268 Σῒὲῖιμὲνδᾲῳιῖςοῗέθουςὴ
764 4143 825 4267 dir
844 4143 887 4201 ἔτ’
907 4147 1095 4234 n'pnttpltppg.

310 4219 1033 4356 testu,a&somnulentiae
1059 4219 1176 4287 aa,
