2952 4826
248 883 275 928 ln
294 883 369 928 altera
387 881 431 926 bac
448 879 494 924 Ed.
515 879 621 924 consului
641 877 819 924 exactissimam
837 875 1000 934 apographum
1012 875 1135 922 varietatis
1149 871 1310 937 antiquissimi

198 971 337 1030 Fragmenti
356 967 507 1024 Gotlorpiani
526 967 607 1012 collati
626 981 640 1009 a
657 966 734 1010 Gudio
753 966 783 1009 ad
800 964 847 1009 Ed.
866 964 1020 1022 Raplrelengii
1041 959 1135 1020 1595.;
1155 966 1217 1022 quod
1235 964 1311 1009 debeo

199 1059 286 1118 Silligii
313 1059 345 1102 V.
363 1057 392 1100 C.
413 1055 568 1114 benignitati:
606 1054 720 1098 Codicem
743 1052 906 1096 basileensem
936 1051 1084 1096 chartaceum
1114 1056 1312 1096 corumnnicatum

199 1159 293 1192 mecum
316 1159 330 1188 a
348 1143 477 1189 Gerlachio
501 1152 572 1186 oreo:
604 1141 766 1197 anaximopere
790 1141 843 1185 ideo
869 1139 1065 1193 memorabilem,
1097 1139 1151 1196 quia
1169 1140 1311 1186 nitidissime

196 1239 266 1292 atque
284 1215 464 1277 accuratissime
482 1243 497 1274 a
514 1229 649 1298 Pomponio
667 1228 742 1274 Laeto
760 1228 783 1272 ia
803 1241 900 1272 caruere
919 1228 1069 1282 conscriptus
1087 1231 1132 1271 est.
1170 1227 1214 1272 ille
1232 1232 1312 1272 autem

195 1321 233 1366 vir
251 1333 350 1379 magnus
368 1322 438 1377 atque
456 1316 542 1362 infelix
559 1321 657 1372 propter
674 1316 768 1360 inanem
786 1314 959 1360 coniurationis
977 1315 1138 1370 crispicionem
1155 1328 1169 1357 a
1186 1314 1263 1365 Paulo
1276 1315 1310 1360 11.

196 1405 314 1452 Pontifice
333 1407 399 1450 Mau.
419 1405 444 1450 in
462 1405 555 1450 vincula
573 1405 694 1449 coniectus
706 1403 878 1460 tormentisque
892 1405 1008 1446 laceratus
1021 1406 1057 1447 est
1069 1415 1131 1446 anno
1143 1409 1311 1447 ncoocnxunr.

199 1496 277 1552 Quum
300 1499 379 1538 tanuen
400 1485 453 1538 cius
476 1497 658 1550 ceterorumque
682 1491 804 1536 sociorum
821 1491 960 1537 Academiae
978 1489 1099 1535 Romanae
1119 1490 1253 1534 innocentia
1271 1491 1313 1535 de·

200 1586 332 1626 monstrata
353 1585 432 1635 esset,
465 1593 527 1624 anno
550 1580 597 1624 iam
623 1583 737 1636 sequente
758 1591 906 1624 mccccuxu.
925 1591 1009 1622 rursus
1035 1582 1090 1622 sunt
1116 1577 1221 1623 liberati.
1258 1577 1312 1632 lpse

200 1669 347 1723 Pomponius
365 1670 389 1713 in
407 1667 454 1712 fine
472 1668 546 1721 libri,
575 1671 686 1724 quantuor
705 1667 728 1712 in
749 1667 796 1711 illis
814 1667 927 1710 aduersae
946 1665 1055 1710 fortunae
1074 1666 1186 1725 procellis
1204 1665 1315 1710 debuerit

199 1756 328 1812 Lucretio,
348 1754 510 1812 pulcherrimo
528 1754 574 1798 hoc
591 1755 763 1812 epigrammate
782 1757 882 1797 testatus
901 1757 952 1798 est:

371 1842 525 1898 Exscriptum
543 1841 589 1886 boe
607 1854 667 1897 opas
686 1846 728 1890 est,
739 1840 810 1895 tatis.
829 1854 844 1883 o
862 1841 953 1894 tector,
972 1841 1076 1897 iniquis:

276 1904 279 1910 Ι
408 1930 529 1985 Tempore
547 1942 648 1986 namque
666 1929 708 1973 illo
726 1941 822 1973 carcere
841 1927 933 1972 vinctus
951 1939 1032 1972 eram:

372 2016 488 2061 Praebuit
505 2016 551 2060 beu
568 2017 639 2060 toties
657 2017 764 2062 solamen
781 2016 848 2061 dulce
867 2015 988 2070 tenebris,

411 2105 479 2148 Fecit
496 2109 520 2149 et
537 2104 657 2148 horrendo
676 2103 751 2148 libera
769 2104 843 2148 corda
859 2104 926 2162 iugo.

374 2191 412 2235 'l'u
431 2193 498 2250 lege,
519 2192 560 2237 sed
579 2190 654 2246 liber,
675 2190 780 2246 librum,
801 2193 892 2247 captiva
909 2193 1000 2236 notavit

410 2280 487 2336 Quem
504 2292 603 2333 manus,
624 2284 647 2324 el
664 2292 708 2334 pro
726 2293 763 2323 me
782 2281 811 2322 dn
829 2281 867 2335 pia
887 2280 956 2323 thura
973 2279 1034 2323 loni.

273 2367 404 2412 Praeterea
428 2367 498 2411 habui
522 2367 662 2411 varietatem
680 2367 740 2414 Cod.
759 2367 911 2411 Ambrosiani
930 2366 1028 2422 pei-boni
1047 2366 1078 2412 E.
1100 2363 1157 2412 125.
1178 2373 1240 2422 part.
1260 2381 1313 2424 sup.

202 2456 255 2499 Sec.
277 2455 352 2508 XV.‚
381 2458 421 2513 qni
447 2455 492 2498 fuit
515 2452 574 2501 olim
597 2455 636 2499 Pii
654 2455 687 2502 ll.
706 2455 797 2498 Pontii.
817 2455 900 2509 Mam,
928 2458 952 2499 et
969 2455 993 2498 io
1012 2467 1081 2498 nsum
1104 2468 1183 2499 inenm
1206 2461 1315 2500 accurate

203 2543 303 2586 collatus
323 2552 359 2586 est
377 2544 405 2586 ad
424 2543 480 2587 edit.
495 2543 659 2587 Comini-'anam
672 2539 746 2588 1751.
762 2541 791 2585 ab
811 2543 956 2595 Hieronymo
974 2543 1109 2596 Menelaio,
1129 2519 1203 2588 V.¹C.
1217 2541 1315 2588 doctore

198 2629 378 2686 .Arnbrosiano;
408 2631 522 2685 optimam
539 2631 669 2689 Forbigeri
687 2630 830 2684 editionem,
860 2629 973 2688 Pinzger-i
998 2644 1123 2674 censuram
1141 2631 1230 2687 prioris
1248 2645 1315 2676 meac

203 2717 315 2778 editionis
343 2722 388 2762 cet.
420 2741 447 2751 -
478 2717 594 2763 Ilotarum
623 2719 749 2774 explicatio
776 2717 834 2762 hoec
865 2722 915 2763 est:
958 2719 989 2762 G.
1025 2721 1056 2760 =
1086 2718 1200 2774 Goltorp.
1227 2719 1315 2778 fragm.

205 2805 234 2848 G.
256 2815 287 2848 =
310 2805 390 2849 Codex
404 2806 529 2861 Pomponii
548 2806 626 2851 Laeti.
663 2805 693 2850 E.
715 2815 746 2848 =
766 2805 948 2850 Ambrosianus.
975 2805 1037 2849 Edd.
1057 2811 1114 2850 vett.
1136 2817 1166 2849 =
1187 2808 1314 2861 Botriana,

202 2894 364 2947 Veronensis,
385 2895 484 2938 Veneta.
521 2895 566 2938 Aa.
589 2904 620 2936 =
641 2893 758 2937 Acancius
777 2907 831 2936 curn
848 2894 941 2938 assecla
959 2892 1014 2937 Pio.
1036 2891 1089 2952 (P.)
1125 2895 1155 2940 Α.
1177 2905 1208 2937 =
1229 2895 1314 2938 Aldina

203 2982 314 3024 secundo.
352 2981 381 3024 L.
404 2991 435 3025 =
455 2982 595 3026 Lambinus.
639 2981 689 3026 Gif.
712 2991 743 3023 =
764 2980 883 3026 Gifanius.
926 2981 957 3025 tt.
979 2991 1009 3024 =
1030 2982 1187 3038 ilonea-camp.
1229 2982 1258 3027 B.
1282 2993 1313 3025 =

188 3067 336 3112 .Bentleius.
380 3069 422 3112 W.
445 3079 475 3112 =
491 3067 639 3124 Wakefield,
659 3069 725 3112 euius
738 3069 902 3124 coniecturas,
923 3083 981 3127 quas
993 3071 1099 3126 recipere
1113 3073 1163 3128 ipse
1180 3084 1252 3116 ansus
1271 3085 1316 3116 aon

205 3161 255 3209 ost,
277 3154 309 3212 ()
329 3156 423 3201 inclusi.
460 3157 529 3206 Eicb.
552 3167 583 3201 =
603 3156 788 3202 Eicbstaedtius.
830 3157 859 3202 F.
881 3167 912 3201 =
933 3157 1091 3218 Forbigems.
