2946 4816
259 235 322 300 979

322 396 366 458 Et
388 393 479 478 pueri
501 413 610 460 nasum
632 391 848 462 rhinocerotis
870 395 1000 460 habent.
1121 412 1124 418 ·

257 495 409 561 Audieris
432 519 528 583 qinom
552 500 672 584 grande
695 499 836 580 sophos,
861 501 933 561 dnm
958 497 1044 563 basia
1067 509 1196 582 captas,

260 615 264 622 ’
321 598 388 663 Ibis
411 601 451 662 ab
473 620 610 664 excrtsso
634 600 745 664 missus
767 598 799 662 in
822 610 905 662 astra
928 620 1023 683 sago.

258 699 322 764 Sed
346 713 403 778 tu,
428 722 467 765 ne
490 701 586 766 toties
609 701 728 768 domini
749 699 872 792 patiare
895 701 1027 778 lituras,

321 807 414 868 Neve
435 815 526 870 notet
548 803 634 867 iussu
657 803 758 868 tristis
781 805 903 867 arcendo
925 813 1018 881 titos,

257 907 447 981 Aetherias,
472 905 610 980 lascive,
634 905 723 988 eripis
746 905 882 968 volitare
903 926 962 988 per
984 925 1105 968 auras:

320 1009 356 1086 l,
378 1009 475 1094 fngc3
497 1010 554 1073 sed
575 1019 706 1091 poteras
728 1006 830 1071 tutior
851 1027 920 1070 esse
943 1007 1042 1071 domi.

556 1151 617 1214 L1.
639 1146 818 1211 Eiusdem.
855 1146 915 1223 (L.
938 1147 970 1208 t.
994 1149 1083 1222 101.)
1144 1164 1146 1168 ·

255 1260 315 1326 ltts
339 1280 448 1324 mannis
471 1259 628 1344 qinondam
652 1256 828 1321 studiorum
852 1255 913 1320 fida
937 1277 1080 1320 meorum

321 1365 366 1426 Et
387 1361 464 1426 ieiix
489 1359 618 1425 domino
641 1369 780 1443 uotaque
803 1357 1016 1434 Caesaribus,

255 1464 410 1532 Destituit
433 1463 552 1546 primos
576 1461 683 1525 viridis
706 1461 887 1526 Demetrius
912 1481 1030 1535 annos3

320 1569 442 1647 erarta
465 1565 567 1628 tribus
588 1563 698 1626 lustris
720 1561 820 1624 addita
845 1561 956 1625 messis
979 1573 1062 1626 erat.

255 1667 306 1733 Ne
329 1678 432 1730 tamen
456 1669 495 1728 ad
518 1664 646 1749 Stygias
668 1663 804 1726 samnius
827 1665 1033 1727 descenderet
1056 1668 1202 1742 umbras,
1354 1668 1370 1728 5

321 1772 438 1834 Ureret
460 1765 645 1848 implicitum
666 1787 763 1849 qinom
786 1766 937 1829 scelerata
961 1767 1059 1852 lues,

255 1869 426 1946 Caninius,
452 1881 484 1932 et
507 1868 625 1932 domini
646 1869 696 1933 ins
718 1889 811 1933 omne
833 1867 1009 1931 remisimus
1031 1889 1153 1953 aegro;

318 1974 457 2035 Muuere
480 1971 593 2056 dignus
617 1981 684 2032 erat
707 1969 909 2034 convaluisse
933 1991 1016 2034 meo.

256 2073 363 2136 Sensit
386 2071 537 2137 dehciens
558 2095 613 2136 sna
637 2073 775 2155 praemia
800 2094 914 2158 meque
937 2084 1107 2155 patronum

316 2174 424 2253 Dixit,
448 2178 488 2239 ad
509 2173 647 2238 infernas
670 2175 752 2237 liber
773 2173 874 2238 iturus
898 2196 1009 2258 aquas.
1335 2179 1373 2238 10

554 2296 636 2360 LII.
659 2294 836 2362 Eiusdem.
870 2294 929 2376 (L.
954 2295 986 2359 9.
1010 2295 1057 2374 8.)

253 2406 289 2472 Si
312 2427 375 2491 qua
399 2405 588 2470 videbuntur
611 2405 728 2470 chartis
750 2405 825 2483 tibi,
849 2407 974 2484 lector,
998 2405 1121 2471 inistis

321 2509 398 2573 Sive
421 2512 557 2572 obscura
581 2508 672 2573 ninnis
694 2509 764 2574 sive
784 2509 900 2574 Latina
922 2529 1056 2590 parum,

252 2613 328 2676 Non
354 2632 441 2675 meus
463 2621 510 2674 est
533 2629 646 2684 error;
670 2612 780 2674 nocuit
802 2611 950 2675 librarius
971 2609 1056 2689 iltis,

316 2713 399 2776 Dum
423 2723 578 2795 properat
600 2732 711 2776 versus
734 2732 943 2777 annumerare
964 2714 1035 2776 tibi.

254 2815 351 2897 Quod
374 2814 401 2876 si
423 2834 487 2877 uon
510 2812 615 2888 illuni,
641 2815 696 2876 scd
719 2834 768 2877 rne
792 2836 939 2894 peccasse
961 2812 1106 2895 putabis,
1352 2813 1368 2874 5

318 2919 412 2979 'senne
434 2935 497 2999 ego
519 2927 551 2977 te
574 2916 698 2976 credam
722 2913 828 2978 cordis
853 2917 971 2978 habere
995 2915 1084 2979 nihii.

251 3019 340 3094 „Ista
365 3028 469 3080 tannen
493 3016 572 3077 mala
595 3015 703 3080 sunt.'’
748 3016 848 3096 Quasi
871 3038 930 3080 nos
953 3017 1115 3080 manifesta
1138 3037 1310 3102 negemus:

315 3121 406 3212 Haec
429 3121 508 3182 mala
532 3131 624 3192 sunt;
648 3121 703 3182 sed
726 3129 760 3183 tu
782 3139 846 3182 non
869 3119 1001 3182 meliora
1023 3118 1118 3183 sacis.

528 3243 627 3304 Lm.
664 3238 844 3304 Eiusdem.
882 3240 939 3318 (L,
963 3240 995 3303 9.
1021 3240 1088 3318 bd.)

249 3351 335 3418 Dum
359 3353 456 3414 modo
480 3349 690 3426 canssidicum,
716 3351 788 3412 dum
811 3361 842 3412 te
865 3352 961 3414 modo
983 3351 1115 3415 rhetora
1139 3351 1235 3437 fingis

313 3455 356 3516 Et
379 3473 442 3516 non
466 3451 629 3527 decernis,
655 3453 784 3527 Taure,
810 3449 886 3537 quid
910 3472 979 3515 esse
1002 3452 1101 3532 velis,

249 3555 371 3622 Peleos
393 3565 425 3617 ct
447 3553 568 3627 Priami
590 3552 704 3617 transit
729 3553 777 3616 vel
802 3554 951 3617 Nestoris
972 3566 1058 3619 aetas
1176 3638 1179 3642 ¹

316 3660 359 3720 Et
381 3656 486 3720 fuerat
507 3677 613 3720 serum
635 3655 696 3718 iarn
719 3655 778 3718 tibi
800 3656 959 3720 desinere.
1007 3685 1011 3694 ¹

251 3757 383 3840 Incipe,
408 3761 487 3838 (tres
509 3779 572 3822 uuo
595 3758 758 3840 perierunt
779 3761 929 3821 rhetores
953 3761 1078 3839 anno,)

312 3862 347 3924 Si
369 3861 445 3945 qnid
465 3862 563 3924 habes
586 3860 695 3936 animi,
721 3860 843 3943 siquid
867 3860 989 3923 inerte
1013 3862 1113 3924 vates.

250 3961 285 4024 Si
307 3963 417 4026 schola
439 3965 623 4038 damnatur,
646 3963 720 4026 sora
741 3962 848 4026 litibus
871 3961 977 4025 omnia
998 3962 1143 4038 fervenu

313 4064 387 4145 Ipse
409 4075 519 4147 potest
539 4063 610 4128 heri
632 4064 767 4143 Marsya
788 4063 978 4128 causidicus.

248 4163 308 4227 Eia
333 4185 547 4246 nge„rnmpe
570 4186 694 4237 πηοτιυς
719 4187 784 4250 quo
806 4175 838 4230 te
860 4165 1060 4247 sperabimus
1082 4164 1207 4250 usque?

312 4261 419 4340 Dum,
445 4267 521 4346 qnid
541 4265 602 4338 sis,
627 4267 768 4342 dubitas,
793 4266 855 4330 iarn
877 4278 972 4350 potes
995 4289 1064 4331 esse
1087 4268 1177 4332 nihil.
1331 4267 1372 4330 10
1436 4341 1437 4344 ¹
