2952 4826
231 217 272 284 81

231 375 304 442 Nec
324 372 426 439 minus
440 391 509 436 esse
528 368 616 436 domi
636 365 810 453 quoiquam
829 373 934 430 tamen
954 360 1049 428 anxia
1071 361 1165 430 cordi

231 480 341 564 Atque
362 473 459 540 animi
479 471 615 556 ingratis
637 468 735 534 vitam
756 488 876 532 vexare
897 465 1054 553 querelis,

233 580 403 654 caussam,
426 597 507 662 quae
529 571 655 640 iulestis
673 570 765 657 cogit
786 568 910 636 saevire
929 567 1089 654 querelis,

233 680 396 765 Intellegit
415 677 482 742 ibi:
507 675 620 740 vitium
641 696 698 738 vas
720 675 845 738 efficere
865 671 969 755 ipsum

232 781 412 865 Omniaque
433 779 517 843 illius
539 777 618 842 vitio
639 773 843 858 corrumpier
863 774 967 852 intua,

232 887 323 967 Quae
344 869 462 948 collata
482 878 567 946 foris
587 890 619 944 et
641 880 812 943 commoda
833 895 996 962 quomque
1019 873 1186 939 venirent:

231 986 374 1062 Partim,
398 986 487 1071 quod
506 983 626 1046 fluxum
648 991 876 1065 pertusumque
901 999 969 1042 esse
995 975 1139 1052 videbat,

233 1093 279 1155 Ut
299 1088 385 1152 nulla
407 1096 518 1169 posset
537 1083 662 1149 ratione
684 1081 847 1166 explerier
864 1101 1021 1167 uuquauu

234 1188 378 1266 Partim,
402 1190 492 1275 quod
512 1197 597 1251 tetro
620 1185 710 1272 quasi
733 1204 951 1268 conspurcare
972 1203 1089 1265 sapore

233 1291 349 1359 Omnia
368 1293 532 1365 cernebat,
556 1309 800 1374 quaequomque
822 1295 990 1368 receperat
1009 1284 1106 1350 intus.

233 1393 398 1460 veridicis
418 1391 519 1477 igitur
536 1388 690 1474 purgavit
710 1399 846 1472 pectora
868 1387 963 1452 dietis

234 1499 278 1562 Et
295 1498 389 1562 finem
413 1493 521 1559 statuit
539 1489 708 1575 cupedinis
727 1501 821 1576 atque
845 1488 988 1565 timoris;

233 1597 476 1683 Exposuitque,
499 1597 619 1659 bonum
635 1614 807 1669 summum,
830 1613 896 1679 quo
915 1590 1072 1656 tendimus
1095 1612 1223 1668 omnes,

234 1699 321 1781 Quid
341 1699 450 1774 foret,
474 1707 568 1782 atque
588 1695 672 1760 viam
696 1693 887 1760 monstravit
908 1693 1036 1757 tramite
1058 1715 1182 1776 parvo,

233 1803 305 1882 Qua
328 1821 493 1883 possemus
513 1801 553 1861 ad
574 1797 609 1862 id
630 1808 722 1862 recto
743 1800 938 1862 contendere
960 1818 1074 1860 eursu:

234 1903 362 1984 Quidve
384 1901 459 1964 mali
481 1900 568 1964 loret
586 1899 618 1963 in
640 1902 737 1964 rebus
756 1899 940 1964 mortalibu’
963 1896 1098 1982 passim,

235 2006 334 2086 Quod
352 2004 467 2067 flueret
489 2001 643 2079 naturali,
666 2001 818 2088 varieque
837 2001 981 2078 volaret,

235 2110 298 2172 Seu
321 2128 396 2170 casu
416 2127 470 2170 seu
495 2103 545 2180 vi,
568 2107 657 2190 quod
682 2103 729 2168 sie
752 2106 877 2168 Natura
897 2114 1057 2186 parasset3

235 2212 279 2275 Et
297 2207 413 2295 quibus
435 2228 452 2271 e
473 2206 579 2290 portis
603 2205 734 2272 occurri
753 2204 897 2292 quoique
918 2208 1064 2269 deceret:
1092 2259 1094 2264 .

235 2314 280 2377 Et
303 2332 403 2396 genus
423 2311 593 2372 humanum
614 2308 736 2372 frustra
757 2307 944 2393 plerumque
965 2307 1121 2390 probavit

235 2413 383 2478 Volvere
405 2433 553 2476 curarum
570 2409 691 2474 tristeis
711 2409 745 2472 iu
765 2420 900 2492 pectore
921 2410 1050 2474 fluctus.

234 2517 336 2591 Nam,
360 2513 461 2578 veluti
483 2511 595 2596 puerei
615 2510 776 2595 trepidant
796 2522 890 2597 atque
914 2509 1020 2576 omnia
1041 2510 1145 2576 caecis
1314 2515 1356 2580 35

234 2618 274 2682 Iu
295 2615 436 2681 tenebris
454 2626 611 2691 metuunt,
634 2613 681 2678 sic
705 2636 765 2679 nos
786 2612 820 2677 in
840 2614 911 2678 luce
932 2612 1079 2678 timemus

289 2759 331 2808 11.
350 2759 423 2806 cordi
440 2760 517 2806 Codd.
529 2759 591 2804 Edd.
603 2765 661 2804 vett.
675 2765 701 2804 ut
713 2758 743 2815 5,
760 2757 837 2806 1390.
857 2783 890 2796 ·-
908 2757 986 2804 cordo
1001 2759 1092 2805 nnn.
1137 2759 1166 2805 15
1180 2766 1203 2805 et
1215 2759 1256 2808 16.
1276 2761 1357 2809 Locus

234 2834 308 2878 etiam
323 2845 384 2876 nuuc
398 2822 538 2892 ὕπουλος.
570 2829 605 2872 111
621 2829 666 2874 Aa.
680 2829 710 2877 P.
723 2831 753 2874 Α.
771 2831 827 2886 (nisi
842 2831 905 2887 quod
917 2829 1025 2882 seruire)
1040 2830 1083 2874 W.
1111 2831 1157 2876 Sed
1174 2830 1251 2875 Codd..
1263 2831 1356 2886 ((111.)

232 2901 295 2948 Led.
313 2905 371 2945 rett.
397 2899 483 2944 Puuao
498 2904 569 2957 atque
587 2894 691 2956 inseetis
712 2904 786 2957 coget
805 2899 886 2956 (Bria.
904 2900 974 2957 cogit
985 2901 1044 2944 Ver.
1056 2900 1130 2955 Veu.)
1146 2900 1245 2944 saeuire
1265 2901 1356 2958 (Codd.

232 2967 302 3019 llrir.
319 2969 416 3014 servire
431 2969 491 3012 Ver.
505 2964 637 3024 Vambv.)
656 2967 775 3024 querelis.
804 2969 994 3022 „Scelestissimi
1019 2975 1145 3014 curatores
1169 2969 1278 3014 hodierni
1302 2984 1358 3014 car-

233 3041 324 3084 minum
340 3037 540 3082 Lucretiauorum
559 3035 599 3091 (L.
619 3033 664 3092 ll.)
682 3036 715 3079 ita
733 3049 763 3081 ex
781 3037 882 3081 arbitrio
901 3050 945 3082 auo
963 3045 1121 3085 resonarunt:
1147 3038 1226 3099 Atque
1244 3039 1358 3084 ultimum

231 3104 336 3166 inseetis
354 3106 414 3167 cogi
431 3105 527 3151 servire
546 3105 684 3163 querelis.’'
703 3106 745 3151 W.
785 3103 827 3150 11.
846 3105 977 3167 Intellegit
990 3107 1066 3152 Codd.
1078 3109 1136 3166 aliq.
1150 3109 1223 3153 Wak.
1235 3108 1359 3153 Foru.-

231 3175 362 3222 Intelleaeit
376 3177 405 3224 C.
417 3175 447 3220 t.
459 3175 502 3219 Ar.
515 3177 588 3232 Seqq.
599 3179 653 3219 aute
666 3175 707 3218 W.
729 3176 807 3232 Quum
822 3176 925 3220 dubitari
942 3181 1058 3232 nequeat,
1078 3179 1134 3234 quin
1149 3179 1268 3222 Salustius
1277 3177 1358 3221 forma

146 3235 167 3264 ¹·
232 3247 347 3306 intellegi
365 3257 422 3289 usus
438 3245 470 3288 sit
487 3245 543 3299 (cir.
558 3244 622 3288 lidii.
646 3257 724 3289 meam
743 3244 910 3290 scholasticam
925 3244 1005 3290 Oratt.
1020 3245 1117 3301 etllpp.
1130 3259 1154 3301 p.
1168 3244 1237 3302 ab),
1257 3247 1359 3291 eandem

230 3315 346 3360 Lucretio
362 3314 433 3358 tribui
453 3319 560 3368 pareat.
617 3311 658 3359 19.
679 3313 715 3357 lta
731 3313 808 3358 Codd.
825 3314 887 3358 Edd.
904 3318 980 3370 vett.;
1005 3316 1067 3372 quod
1086 3329 1158 3372 quum
1176 3316 1296 3372 probabili
1314 3328 1358 3360 ex-

231 3385 360 3439 plicatione
380 3383 473 3429 deieudi
492 3383 568 3438 possit
589 3383 777 3440 (‚,qnaeeunqua
794 3384 904 3428 venirent
921 3381 982 3428 loris
1000 3385 1109 3428 collata”
1126 3407 1159 3418 -
1178 3399 1225 3442 quo
1243 3386 1267 3429 ln
1285 3398 1358 3429 roce-

231 3454 289 3499 bulo
314 3453 389 3509 ipsius
415 3452 524 3497 utilitatis
543 3453 610 3497 notio
630 3453 692 3497 inest
710 3475 742 3485 -
768 3457 859 3510 „atque
879 3451 950 3498 etiam
968 3451 1131 3507 cominoda”)
1148 3454 1251 3498 Bentleii
1271 3455 1358 3498 tmesin

230 3535 278 3568 eun
294 3523 363 3567 laeto
379 3523 488 3577 recipere
515 3535 588 3566 ausus
607 3535 653 3566 nou
672 3535 726 3567 aum
745 3533 799 3564 curn
818 3522 859 3564 W.
880 3521 974 3566 Eichst.
993 3535 1093 3580 eamque
1111 3524 1237 3581 gemellam
1256 3536 1360 3578 prorsus

230 3593 309 3637 iudico
328 3592 364 3636 illi
382 3591 553 3636 Lambiniunae
567 3605 581 3635 a
593 3591 667 3636 Wala.
688 3590 778 3634 merito
797 3592 910 3645 explosae
930 3587 960 3644 6,
976 3587 1035 3638 ³9⁶.
1054 3590 1094 3637 An
1112 3604 1159 3636 con
1175 3590 1281 3636 bruchio
1299 3605 1359 3636 aue·

223 3657 339 3720 suriunt.
360 3684 392 3697 -
409 3662 551 3707 Praeiverat
565 3661 674 3705 Bentleio
684 3658 765 3703 Faber
781 3661 845 3704 coni.
862 3672 909 3703 eon
927 3665 1014 3719 gratu.
1069 3657 1112 3708 25.
1132 3659 1263 3718 cupedinls
1280 3663 1359 3706 denuo

229 3732 380 3776 restituimus
393 3743 425 3774 ex
444 3730 521 3775 Codd.
540 3727 582 3787 (C.
594 3728 639 3782 E.)
655 3728 716 3774 ted.
736 3733 796 3772 vett.
813 3730 841 3773 Α.
853 3728 883 3772 L.
898 3728 928 3772 11.
943 3729 1016 3774 Wak.
1039 3751 1069 3762 -
1088 3729 1230 3787 torpedinis
1246 3733 1361 3785 deprom-

230 3805 297 3855 ptum
313 3804 351 3844 est
373 3805 423 3844 tum
445 3813 474 3844 er
491 3799 552 3843 Cod.
574 3799 610 3842 nt.
634 3802 658 3842 et
680 3797 727 3841 Ed.
749 3796 842 3842 lustina
867 3797 1026 3844 habentibus:
1057 3797 1198 3856 torpedinis
1213 3799 1280 3858 (att.
1298 3813 1359 3843 vero

229 3867 376 3926 cupedinie)
397 3874 447 3913 tum
472 3881 502 3913 er
522 3867 647 3911 Lactantio
662 3863 692 3921 1,
712 3863 756 3912 21.
776 3867 816 3911 ubl
835 3868 930 3923 plurimi
954 3867 1031 3913 Codd.
1047 3867 1201 3926 torpedinis,
1225 3881 1284 3913 unus
1302 3873 1358 3912 tur·-

225 3937 343 3994 pidinie,
373 3951 433 3983 unus
461 3938 518 3981 item
542 3935 691 3994 cuppedinis
716 3938 755 3992 (v.
773 3937 807 3982 Le
824 3938 899 3981 Brun.
916 3950 940 3992 p.
958 3934 1030 3993 590.)
1053 3940 1122 3996 idque
1143 3939 1201 3982 satis
1221 3937 1358 3982 detenditur·

229 4006 327 4052 Lucret.
344 4003 373 4062 1,
390 4004 465 4052 1081.
486 4003 515 4060 l,
531 4002 606 4051 108⁶.
627 4002 658 4060 5,
674 4003 718 4050 16.
757 4003 800 4052 il.
817 4020 900 4064 prono
914 4007 944 4055 L.
959 4007 990 4051 ll.
1013 4029 1042 4039 -
1061 4007 1141 4051 lirnite
1152 4019 1231 4064 pareo
1245 4008 1277 4054 11.
1287 4019 1358 4063 puro

229 4076 296 4123 Lacl.
310 4077 327 4120 l.
343 4076 359 4120 l.
381 4075 494 4120 Nostram
512 4078 566 4119 lect.
582 4071 663 4118 firmat
679 4075 709 4120 E.
753 4073 795 4121 28.
819 4071 890 4120 reetd
904 4076 1013 4123 Contu.
1058 4073 1100 4121 30.
1121 4074 1186 4135 quod
1198 4075 1293 4138 flueret
1310 4088 1358 4119 nu·

228 4144 307 4189 tuteli
324 4145 361 4198 ‚.i.
380 4160 403 4190 a.
418 4144 497 4207 fluxu
511 4145 550 4189 rel
563 4143 662 4207 fluore,
690 4147 800 4200 nornine,
829 4151 854 4190 ut
871 4144 898 4189 lit
914 4145 1071 4202 saepissime,
1091 4145 1154 4189 iutra
1173 4145 1271 4190 uerbum
1290 4157 1358 4189 eom-

230 4213 376 4270 prebcus0.”
395 4215 438 4258 W.
469 4213 537 4258 Adeo
556 4227 585 4260 ne
604 4215 645 4260 illa
664 4215 761 4271 quidem
779 4213 943 4286 intelligebat,
963 4215 1092 4269 naturali,
1113 4215 1134 4260 si
1146 4215 1218 4260 lectio
1231 4227 1289 4259 sana
1301 4217 1357 4268 eat,

228 4285 375 4344 iungendum
393 4295 448 4330 ease
467 4296 521 4328 cum
538 4295 610 4330 eoru.
641 4283 694 4330 lloc
711 4296 771 4331 vero
786 4284 903 4342 praebent
915 4283 993 4330 (lodi.
1003 4284 1065 4329 de.
1078 4289 1136 4331 vett.
1159 4284 1205 4330 uisi
1219 4285 1281 4344 quod
1294 4283 1355 4328 baa:
