2948 4820
1204 223 1267 289 369
1315 170 1318 177 ι

335 383 388 446 Ex
411 402 476 465 quo
499 379 654 446 distineor
675 380 791 446 linibus
813 382 943 448 Alsatae
1226 381 1269 446 20

276 486 348 550 Nee
370 496 506 549 mustum
526 484 649 568 patriae
672 485 783 550 bibo.
815 493 818 500 '

337 589 416 663 Me,
439 586 467 650 si
488 587 554 651 lata
575 589 711 666 volunt,
736 587 871 673 accipiat
893 589 979 654 lacus
1034 609 1037 614 ’

275 691 381 754 Trans
402 691 570 754 Maeotida
592 690 739 777 nigrior3

335 792 428 857 Ultra
451 793 656 858 Sauromatas
679 795 805 860 delerar
824 794 957 860 ultimos
985 829 987 834 ·

275 895 320 959 Et
341 915 437 958 eanae
459 895 533 979 iuga
556 895 714 965 Phasidis.

338 999 410 1078 Qua
433 1019 579 1062 convexa
601 1011 711 1083 patent
733 998 872 1064 aetheris
895 1000 993 1078 atria,

276 1101 411 1164 Vastam
433 1100 584 1183 possideo
608 1105 749 1168 domum.

340 1203 405 1265 Hie
427 1224 496 1266 sum
519 1216 629 1280 uatus,
652 1204 707 1267 ubi
729 1224 807 1270 sum.
852 1203 1021 1269 Celebrem
1045 1205 1120 1270 loco

273 1304 314 1369 l'n
337 1306 452 1390 quovis
473 1305 608 1388 patriam
633 1305 696 1370 viri

340 1409 457 1471 Fortes
480 1407 644 1472 inveniunt
666 1412 720 1473 vel
741 1407 861 1472 faciunt
883 1409 955 1473 sibi.
1060 1409 1062 1414 ’

278 1511 390 1574 Eheu!
414 1512 485 1591 plns
509 1510 606 1575 nimio
629 1531 775 1589 memor,

341 1595 487 1675 Natalem
511 1612 656 1698 quereris
678 1616 816 1696 perdere
839 1613 1011 1699 glebulam.

278 1717 533 1796 Transportatus
556 1736 589 1779 es
611 1736 653 1778 ex
675 1727 751 1791 tuo,

341 1819 418 1881 Non
441 1817 561 1880 eiectus
584 1824 679 1902 agro.
725 1817 833 1882 Crede
855 1817 1014 1882 coloniam
1118 1805 1119 1812 ἵ

279 1919 419 1984 Romani
441 1918 500 1982 tibi
523 1919 629 1983 militis
1232 1920 1274 1983 35

346 2021 553 2086 concessam.
599 2025 739 2088 Veteres
762 2022 927 2088 Ausoniae
948 2025 1065 2102 duces,

176 2162 178 2172 ·
281 2123 406 2207 Spretis
428 2124 589 2188 montibus
611 2125 718 2202 Italis,

344 2228 442 2307 Quod
465 2227 610 2302 vineunt,
633 2229 791 2293 habitant.
837 2227 978 2314 Corrige
1001 2229 1115 2294 tristia.

281 2329 437 2405 Caelum,
462 2351 527 2414 quo
550 2330 669 2415 tegeris
692 2341 808 2414 eaput,

346 2437 501 2512 'serram
525 2455 607 2519 quae
629 2434 773 2518 profugo
797 2432 966 2504 subiicitur
987 2434 1080 2519 pedi,
1238 2435 1280 2496 tu

282 2539 388 2604 Nemo
411 2538 539 2602 auferre
562 2547 682 2619 potest.
727 2537 824 2600 Vale.

346 2638 490 2704 Miruml
514 2643 635 2722 Sponte
658 2637 736 2701 fides
758 2650 808 2703 ter
829 2638 994 2703 recinunt:
1031 2639 1131 2704 Vale.

610 2835 833 2851 ἡ

180 3004 283 3069 v111.
312 3004 377 3069 An
400 3003 444 3068 n.
467 2983 711 3068 vlnerunm
735 3001 1053 3078 assummum,
1074 3001 1130 3065 ru
1152 3001 1258 3068 mus

570 3124 869 3190 pessumum.

159 3269 258 3350 Quae
278 3277 331 3331 est
344 3266 431 3344 ista,
455 3286 543 3351 qnae
561 3265 715 3329 aseendit
730 3265 772 3329 de
786 3265 939 3342 deserto,
963 3265 1094 3328 deliciis
1107 3262 1280 3355 affluens,

343 3387 468 3450 innixa
489 3409 594 3469 super
616 3387 778 3450 <illectum
798 3387 924 3449 suum?
948 3385 1044 3474 Cant.
1067 3386 1100 3449 8.

331 3525 407 3607 Quo
430 3527 479 3589 die
501 3525 595 3589 terris
617 3547 796 3609 properans
817 3525 937 3588 relictis

331 3631 417 3691 Tota
440 3627 584 3713 migrasti
605 3623 702 3712 super
725 3641 828 3706 astra,
853 3628 984 3711 Virgo,

333 3729 486 3794 Floribus
508 3743 642 3794 stratum
664 3731 722 3795 tibi
745 3743 855 3817 tergus
877 3730 984 3796 ineur-

415 3833 505 3898 vavit
528 3834 703 3916 Olympus:

333 3972 457 4048 Dulce,
482 3983 513 4036 te
535 3971 604 4036 visa
627 3976 812 4058 gradiente,
836 3974 915 4040 eaeli

333 4074 472 4139 Carmen
494 4075 634 4140 auditum
657 4098 830 4143 resonare:
854 4078 990 4159 „Qualis

333 4177 401 4241 Ista
422 4197 482 4259 per
504 4176 616 4263 nigrae
638 4179 711 4244 lora
734 4193 824 4244 senta
846 4182 943 4246 silvae
968 4191 1000 4242 ot

417 4278 561 4345 Horrida
583 4292 714 4365 tesqua,

215 4385 303 4436 eelogae
318 4381 376 4422 Post
391 4380 435 4422 Lat
1010 4385 1052 4447 24
