2964 4814
187 211 192 219 ·
247 179 308 240 tto

245 336 298 396 Tu
319 345 413 414 potes
434 332 563 395 insanae
585 331 723 394 Veneris
746 351 951 413 compescere
972 331 1074 396 laetus

309 433 532 518 Curartunque
553 443 611 496 tuo
633 433 668 496 lit
691 431 844 498 medicina
866 453 967 497 mero.

244 537 312 600 Per
333 546 366 600 te
387 515 580 619 iunguntur,
604 555 663 616 per
684 546 716 597 te
737 534 908 597 solvuntur
930 545 1091 598 amantes:
1134 577 1138 582 -

308 640 361 700 Tu
382 635 493 699 vitium
517 656 556 698 ex
579 634 683 699 animo
706 634 812 710 dilue,
837 636 984 710 Bacche,
1009 656 1094 698 tneo.

245 741 294 800 Te
316 757 445 821 quoque
467 735 547 800 enim
570 757 635 799 non
657 755 726 800 esse
747 736 857 800 rudem
879 748 1013 800 testatur
1035 736 1065 799 in
1088 735 1182 798 astris

307 838 471 916 Lyncibus
494 838 532 897 ad
554 837 673 898 caelum
696 848 788 899 recta
811 837 953 900 Ariadna
975 837 1051 900 tuis.

244 939 320 1002 Hoc
342 937 436 1012 mihi,
461 939 549 1020 quod
572 948 696 1000 veteres
717 937 855 1001 custodit
876 937 908 999 iu
926 938 1058 1006 ¹ossibus
1080 939 1187 1022 ignes,

307 1039 435 1100 Funera
458 1039 613 1100 sanabunt
635 1049 689 1100 aut
710 1048 763 1100 tua
787 1037 858 1101 vina
882 1039 1008 1103 malum.

246 1139 378 1221 Semper
400 1139 480 1202 enim
504 1160 625 1201 vacttos
647 1159 713 1202 nox
735 1139 843 1204 sobria
865 1151 996 1223 torquet
1018 1152 1176 1217 amantes,

307 1241 452 1324 Spesque
472 1240 634 1324 timorque
657 1241 791 1304 animum
815 1253 919 1304 versat
941 1253 1079 1325 utroque
1101 1246 1210 1306 ruodo.

244 1342 409 1421 Quodsi,
434 1343 579 1416 Bacche,
601 1341 665 1404 tuis
687 1363 747 1424 per
767 1343 893 1404 fervida
916 1355 1061 1424 tempora
1083 1344 1173 1407 donis

306 1443 488 1506 Arcessitus
512 1443 572 1506 erit
593 1463 724 1506 somnus
746 1444 777 1506 in
801 1464 873 1507 osse
896 1465 983 1508 meet
1209 1429 1216 1442 ³

150 1589 155 1598 .
243 1543 319 1625 lpse
341 1565 445 1608 seram
469 1543 548 1606 vites
570 1565 771 1628 pangamque
793 1565 834 1606 ex
857 1545 968 1608 ordine
990 1545 1107 1619 colles,

299 1646 399 1727 ‚Quos
422 1656 553 1726 carpent
574 1646 678 1708 nullae
700 1667 748 1708 me
773 1645 924 1729 vigilante
945 1648 1051 1710 ferae:

243 1748 427 1811 Dummodo
449 1768 615 1828 purpureo
638 1759 783 1828 spument
806 1747 882 1810 mihi
903 1747 988 1811 dolia
1011 1760 1115 1812 uursto

306 1849 350 1909 Et
372 1868 455 1910 nova
478 1859 661 1928 pressantes
684 1848 826 1931 inquinet
849 1870 910 1910 uva
934 1852 1046 1936 pedes.

244 1949 341 2028 Qtrod
362 1959 512 2029 superest
535 1947 636 2024 vitae,
661 1969 720 2034 per
742 1961 773 2010 te
795 1960 849 2012 tua
872 1970 1009 2025 cornua,
1035 1949 1139 2014 vivam

307 2049 511 2133 Virtutisque
533 2061 621 2125 tuac,
647 2051 792 2126 Bacche,
816 2054 914 2132 po‘e'ta
937 2051 1038 2115 ferar.

241 2150 355 2214 Dicam
379 2143 441 2235 ego
467 2162 625 2213 maternos
648 2153 795 2238 Aetnaeo
817 2151 948 2215 fulmine
969 2142 1099 2236 partus,

305 2251 413 2315 Indica
437 2252 572 2331 Nysaeis
594 2273 680 2344 orma
701 2253 809 2334 sitgata
832 2254 964 2319 choris:
1034 2329 1036 2334 ,

244 2355 470 2437 vesanumque
493 2375 577 2416 nova
601 2354 809 2438 nequidquam
834 2354 865 2417 in
889 2355 953 2418 vite
976 2358 1181 2440 Lycurgum,

305 2456 471 2518 Pentheos
493 2453 526 2516 iu
550 2453 690 2536 triplices
712 2455 825 2517 lunera
848 2468 939 2539 grata
962 2479 1095 2540 greges,

247 2557 633 2640 curvaqueTyrrhenos
656 2556 836 2639 delphinum
859 2577 999 2639 corpora
1022 2569 1132 2622 nautas
1316 2565 1357 2627 25

314 2777 339 2824 8.
358 2777 393 2822 ad
414 2778 491 2822 Codd.
514 2777 638 2830 meliores,
657 2777 756 2822 Laelitn.
771 2798 805 2812 -
823 2779 850 2822 in
867 2781 948 2837 vulgo.
1011 2776 1052 2823 10.
1071 2785 1115 2822 aut
1133 2777 1209 2824 Codd.
1231 2779 1261 2824 Ι..
1283 2804 1315 2814 -
1336 2788 1364 2825 nt

242 2848 326 2892 Volso.
352 2866 381 2880 -
395 2849 433 2891 oel
449 2849 531 2904 vulgo.
550 2847 707 2900 („l'artieula
728 2851 772 2890 ont
793 2860 893 2901 prorsus
910 2847 1015 2891 excludit
1035 2850 1155 2902 alterum,
1175 2849 1213 2892 cel
1229 2848 1362 2893 enutritur·

244 2915 342 2960 Lechrn.
362 2929 387 2972 p.
407 2912 482 2972 318.)
538 2913 578 2958 12.
599 2921 700 2974 utroque
718 2912 800 2972 modo]
819 2916 895 2960 Codd.
910 2917 966 2972 aliq.
989 2915 1103 2970 probante
1122 2916 1243 2961 ttusettto
1258 2917 1360 2962 ed'l'ib.

143 3002 149 3012 =
245 2983 277 3036 t,
299 2981 329 3036 8,
351 2981 392 3028 64.
435 2985 484 3028 lec.
503 2982 552 3028 L2.
572 3008 605 3018 -
622 2990 723 3044 utroque
738 2997 821 3028 meum
838 2986 976 3043 101150.-
995 2984 1110 3042 utrinque
1129 2998 1210 3029 meum
1223 2986 1283 3028 hand
1296 2988 1361 3030 mule

244 3049 322 3098 Gron.
341 3051 476 3108 Perreins3
496 3054 543 3098 nisi
561 3055 623 3110 quod
642 3053 759 3098 sententis
783 3054 904 3111 generatis
923 3052 1015 3096 ridetur
1032 3053 1185 3096 decennibus
1206 3053 1360 3106 amantibus,

244 3121 332 3164 nonde
347 3120 476 3176 Propertio
495 3124 558 3166 eolo.
597 3121 638 3166 15.
659 3122 745 3165 euntes
770 3123 854 3166 Burin.
880 3121 950 3176 primi
973 3121 1037 3164 coni.
1077 3119 1117 3165 19.
1133 3135 1182 3178 per
1199 3127 1222 3164 te
1240 3127 1283 3165 tun
1301 3135 1362 3166 eor-

243 3201 294 3231 uua
313 3192 409 3248 egregie
427 3188 475 3234 L2.
495 3204 525 3236 ex
543 3191 614 3236 solita
632 3190 752 3244 formula,
778 3192 808 3234 de
827 3205 873 3248 qua
892 3190 929 3247 egi
948 3194 1002 3244 post
1020 3188 1175 3234 Garatontnm
1194 3193 1223 3232 ed
1241 3189 1361 3234 Plancin-

243 3269 302 3300 num
321 3258 349 3302 C.
371 3255 413 3304 12.
432 3273 479 3316 per
497 3271 538 3304 voe
549 3256 682 3318 fortunus,
691 3273 740 3316 per
752 3257 845 3303 liber-oe
863 3263 968 3303 cestros.
989 3258 1067 3315 Vulgo
1085 3271 1158 3312 paene
1177 3258 1293 3304 ridicule:
1311 3273 1362 3317 per

243 3332 266 3369 te
284 3330 309 3369 et
327 3331 370 3369 tun
387 3338 492 3372 cernuo.
555 3325 597 3372 22.
617 3327 695 3371 olenti
707 3327 830 3389 statarius,
856 3330 972 3371 commate
991 3331 1045 3380 post
1062 3339 1158 3370 merum
1176 3328 1274 3381 posito,
1293 3329 1359 3371 Soet.

243 3396 307 3439 coni.
328 3397 517 3452 rutgoreeeptn.
573 3393 615 3440 28.
633 3396 711 3454 potat]
734 3395 794 3439 (lod.
813 3395 890 3439 Gron.
917 3395 965 3439 lae.
983 3393 1100 3439 recten.
1121 3393 1231 3439 lluschtie
1249 3397 1279 3440 ed
1300 3395 1358 3442 Tib.

244 3461 274 3517 2,
295 3460 325 3518 4,
346 3461 387 3508 38.
408 3469 431 3509 et
450 3463 480 3519 i,
501 3461 530 3520 4,
556 3464 598 3508 25.
636 3465 769 3518 „scribunt
789 3463 867 3508 Latini
890 3463 1025 3518 prorniscue
1051 3475 1075 3506 ν.
1106 3476 1128 3506 c.
1158 3463 1233 3508 turdo
1259 3464 1313 3506 ruit
1338 3471 1362 3508 ct

243 3531 316 3576 turbu
328 3537 413 3578 ruunt.
435 3533 487 3578 Nou
501 3533 609 3578 scribunt
618 3538 694 3577 ruunt
702 3531 793 3586 turbe,
813 3534 854 3576 sed
864 3533 917 3575 ruit
927 3531 1031 3575 turbo.''.
1041 3553 1069 3563 -
1082 3535 1170 3586 potent
1181 3532 1267 3587 reliqui
1281 3531 1360 3576 cont.

243 3603 333 3660 Vulgo.
349 3600 396 3646 L2.
416 3621 451 3635 -
467 3601 556 3646 Naxio
573 3599 646 3646 turbo
660 3602 759 3654 offendit
776 3613 833 3645 seire
852 3604 906 3655 post
922 3597 1031 3652 Naxon,
1051 3599 1108 3654 nihil
1127 3606 1205 3644 temen
1224 3599 1361 3644 luvarttibns

244 3669 328 3724 libris,
359 3683 461 3728 qnorum
486 3672 577 3728 aliquot
602 3669 697 3723 noxia,
729 3682 789 3712 nnus
816 3669 941 3712 monimo.
1005 3663 1048 3712 30.
1072 3665 1240 3720 Bassaricas,
1272 3669 1361 3712 Becelu

244 3739 329 3793 ipsius,
348 3739 389 3796 qui
408 3736 554 3784 Boccareue
567 3738 689 3783 dicebatur
708 3751 722 3780 a
739 3751 798 3782 voce
816 3737 921 3781 Threcia
939 3729 1097 3803 βασσάρα,
1118 3736 1208 3790 vulpot·
1245 3735 1361 3790 Getone,
1459 3767 1460 3782 t

245 3821 304 3863 quse
324 3808 348 3850 lt.
374 3809 391 3852 l.
417 3813 582 3855 memorentur
605 3807 700 3852 inbutae
724 3807 853 3850 Berenicae
878 3807 937 3849 sutis
961 3809 1017 3849 sunt
1038 3808 1123 3849 notre:
1149 3805 1178 3847 nd
1205 3817 1229 3847 v.
1250 3801 1293 3848 21.
1313 3806 1360 3849 etr.

245 3875 316 3921 Ouid.
331 3875 392 3920 Met.
417 3873 446 3930 ³,
468 3873 529 3921 253.
547 3889 570 3920 r.
593 3873 635 3920 22.
653 3877 686 3918 td.
702 3872 732 3928 4,
754 3871 795 3918 20.
813 3887 836 3918 v.
853 3871 895 3917 23.
913 3875 942 3918 de
960 3871 1099 3932 Lycurgo,
1118 3872 1228 3918 Edonum
1251 3885 1310 3931 rege
1330 3875 1360 3917 ll.

245 3943 274 4002 ζ,
296 3939 353 3987 130.
376 3945 464 4002 tls-giu.
482 3945 500 3988 1.
519 3941 578 3988 132.
598 3946 626 3988 de
644 3940 750 3988 Pentheo
768 3941 853 3995 Eurip.
874 3941 960 3986 Bacch.
978 3937 1054 3986 1023.
1080 3939 1152 3987 out.
1169 3941 1229 3984 Met.
1248 3937 1278 3992 ³,
1300 3938 1360 3986 515.

245 4012 366 4055 decentis
385 4010 529 4071 Tyrrhenis
544 4013 698 4057 llotnericum
711 4012 791 4064 hymn.
803 4012 827 4055 in
839 4009 926 4054 Bacch.
941 4008 1012 4054 out.
1029 4009 1088 4052 Mel.
1102 4004 1131 4062 3,
1152 4006 1211 4053 622.
1232 4010 1261 4052 de
1273 4009 1362 4054 Buecht

246 4081 346 4124 adventu
365 4080 389 4122 in
404 4077 499 4125 Naxon
513 4081 602 4126 Getull.
622 4081 727 4135 Epithal.
744 4080 774 4123 P.
794 4084 818 4123 et
835 4078 906 4123 Thet.
925 4074 985 4122 252.
1041 4071 1085 4120 33.
1106 4075 1182 4120 Codd.
1200 4089 1283 4124 ornnes
1301 4078 1326 4120 h.
1342 4079 1360 4122 l.
1458 4071 1459 4076 ’

246 4153 368 4205 tympana
387 4153 411 4192 et
428 4161 451 4192 v.
476 4147 517 4194 36.
540 4149 667 4208 cymbula.
686 4149 771 4192 Burin.
791 4148 844 4192 Sec.
874 4152 897 4190 et
917 4147 1016 4190 Lechtn.
1036 4145 1059 4189 iu
1085 4145 1130 4188 Et.
1151 4157 1189 4200 pr.
1207 4149 1363 4200 transposue-

246 4221 302 4259 runt
321 4219 446 4274 utriunque
464 4231 517 4266 roo.
533 4218 605 4266 Recte
624 4217 736 4262 refutavit
754 4215 839 4262 leeobs
856 4212 938 4262 Brun.
957 4227 980 4269 p.
1002 4211 1061 4260 219.
1087 4211 1152 4258 -cfu
1173 4213 1244 4258 etiam
1262 4214 1360 4259 erel.
