2952 4826
186 203 227 266 38

186 361 306 444 Longe
328 361 370 421 ab'
391 355 553 422 sensiferis
574 354 755 439 primordia
777 353 918 420 motibus
940 365 1067 428 errant,

187 462 294 543 Quom
318 470 488 542 correptus
510 460 609 523 horno
633 480 673 523 ex
697 479 811 522 somno
834 478 867 520 se
891 455 1019 538 colligit
1041 455 1123 536 ipse.

185 563 296 628 Multo
319 561 578 648 igiturmortem
602 559 703 622 miuus
726 563 766 624 ad
787 580 847 624 nos
870 580 938 622 esse
960 562 1180 640 putandumst,

187 663 222 729 Si
245 662 345 726 minus
368 685 435 726 esse
457 672 584 745 potest,
609 683 702 746 quam
726 664 815 746 quod
836 659 917 723 nihil
940 681 1007 722 esse
1032 659 1186 723 videmus.
1247 662 1308 724 940
1340 725 1342 728 ,

185 765 299 831 Maior
321 764 404 829 enim
425 767 538 827 turbae
561 762 713 826 disiectus
736 762 879 830 materiai

186 867 405 951 Consequitur
426 866 492 930 leto
515 887 575 928 nec
596 865 763 951 quisquam
786 863 974 950 expergitus
997 875 1117 939 exstat,
1201 875 1206 884 ⁴

187 969 326 1053 Frigida
348 990 443 1053 quem
467 967 564 1031 semel
585 977 632 1030 est
654 967 733 1030 vitai
754 988 852 1049 pausa
874 979 1019 1052 sequuta.

249 1070 416 1156 Denique,
439 1068 466 1133 si
487 1091 602 1134 vocem
623 1090 732 1131 rerum
753 1079 866 1132 natura
887 1080 1018 1152 repente

187 1172 303 1238 Mittat
325 1183 356 1236 et
377 1173 442 1235 hoc
463 1171 586 1257 aliquoi
609 1174 755 1236 nostrum
776 1170 824 1234 sic
846 1170 991 1253 increpet
1015 1172 1099 1254 ipsa:
1246 1174 1307 1236 9215

173 1275 301 1357 ,Quid
320 1274 382 1338 tibi
402 1285 492 1338 tanto
517 1295 616 1356 opere
637 1285 702 1348 est,
725 1272 888 1350 mortalis,
912 1279 1002 1359 quod
1022 1273 1114 1336 nimis
1137 1273 1244 1357 aegris

188 1377 371 1452 „Luctibus
393 1375 562 1461 indulges?
597 1374 685 1457 Quid
707 1386 843 1440 mortem
864 1375 1031 1460 congemis
1050 1398 1088 1460 ac
1110 1376 1191 1438 fles?

188 1482 296 1554 ,Nam
318 1480 419 1564 gratis
442 1478 540 1543 fuerit
558 1478 618 1541 tibi
640 1477 706 1542 vita
729 1489 800 1540 ante
824 1488 894 1541 acta
916 1478 1090 1564 priorque,

188 1585 258 1657 ,Et
277 1579 468 1670 nonlomnia
490 1593 654 1664 pertusum
675 1589 829 1663 congesta
850 1581 940 1664 quasi
963 1580 996 1642 in
1017 1603 1074 1644 vas

191 1683 398 1758 „Commoda
415 1683 598 1765 perfluxere
623 1693 718 1767 atque
739 1681 866 1767 ingrata
889 1682 1061 1757 interiere;
1247 1684 1309 1746 950

189 1834 204 1861 „
217 1788 309 1864 Quur
330 1807 396 1850 non
418 1797 451 1846 ut
473 1784 586 1866 plenus
607 1782 693 1846 vitae
717 1783 857 1846 conviva
880 1784 1021 1860 recedis,

189 1936 204 1963 „
215 1890 332 1972 Aequo
355 1887 525 1971 animoque
549 1885 637 1969 capis
660 1906 820 1962 securam,
843 1886 954 1962 stulte,
977 1886 1138 1971 quietem?

189 2036 204 2064 „
215 1988 272 2053 Sin
294 2011 348 2064 ea,
372 2010 453 2073 quae
475 1988 600 2050 fructus
622 2009 784 2072 quomque
805 2010 857 2064 es,
879 1986 1006 2069 periere
1025 1989 1174 2070 profusa,
1247 2035 1252 2044 .

189 2091 356 2176 „Vitaque
378 2091 411 2154 in
434 2092 610 2164 offensost;
633 2112 716 2176 quur
736 2089 872 2173 amplius
893 2093 1011 2153 addere
1035 2090 1180 2174 quaeris,

189 2241 204 2268 „
215 2195 355 2258 Rursum
377 2195 468 2278 quod
489 2203 601 2275 pereat
623 2192 697 2254 mali
721 2203 752 2256 et
769 2191 930 2278 ingratum
954 2192 1082 2257 occidat
1105 2193 1222 2255 ornne?
1245 2195 1307 2258 955

189 2298 291 2371 „Non
313 2294 422 2377 potius
443 2293 528 2358 vitae
549 2296 644 2358 finem
662 2293 741 2357 iacis
764 2306 858 2379 atque
877 2293 1024 2358 laboris?

189 2445 204 2474 ,‚
216 2399 300 2462 Nam
321 2395 384 2461 tibi
402 2408 569 2479 praeterea
593 2399 682 2480 quod
700 2395 864 2459 machiner
885 2395 1108 2480 inveniamque

188 2501 313 2581 ,Quod
333 2500 474 2582 placeat,
497 2497 578 2561 nihil
601 2508 667 2561 est:
693 2500 803 2561 eadem
825 2508 897 2560 sunt
922 2498 1028 2562 omnia
1050 2519 1187 2578 semper.

187 2603 250 2676 ,Si
268 2600 328 2664 tibi
350 2623 415 2665 non
436 2599 525 2664 annis
548 2621 668 2682 corpus
688 2599 752 2663 iam
774 2610 895 2664 marcet
918 2611 949 2662 et
972 2610 1058 2662 artus

190 2703 388 2779 „Confectei
411 2703 580 2786 languent,
604 2705 713 2765 eadem
735 2713 840 2766 tamen
862 2701 968 2768 omnia
989 2713 1126 2776 restant,
1247 2705 1309 2768 960

190 2805 335 2881 „Omnia
359 2804 386 2867 si
407 2825 526 2888 pergas
549 2803 688 2868 vivendo
713 2802 843 2868 vincere
866 2804 969 2879 seela;

190 2955 204 2982 „
217 2910 325 2992 Atque
347 2905 439 2970 etiam
458 2905 585 2988 potius,
607 2905 635 2968 si
654 2927 813 2990 nunquam
832 2905 876 2969 sis
897 2904 1090 2970 moriturus:
1104 2909 1123 2934 ”
1146 2944 1187 2954 -

189 3008 275 3091 Quid
296 3011 543 3090 respondemus,
567 3006 627 3072 nisi
648 3007 762 3070 iustam
783 3007 947 3072 intendere
967 3009 1054 3072 litem

188 3115 344 3176 Naturam
368 3121 399 3174 et
421 3131 530 3175 veram
553 3109 662 3174 verbis
685 3131 849 3193 exponere
873 3111 1038 3174 caussam?

241 3289 299 3340 938.
319 3295 337 3338 i.
359 3308 382 3338 s.
402 3297 470 3346 tunc,
491 3307 563 3350 quum
582 3290 683 3352 (omnis)
703 3293 774 3337 homo
793 3307 847 3338 sess
865 3295 999 3349 corripiens
1016 3291 1085 3349 (siclt
1104 3291 1260 3356 uufruffend)
1278 3309 1308 3340 ex

186 3377 271 3408 somno
290 3376 316 3406 se
334 3363 426 3422 colligit
443 3365 516 3406 ultro.
555 3363 634 3420 Quum
657 3369 788 3420 correptus
814 3365 1029 3418 interpretarentur
1048 3363 1101 3409 tuti
1120 3366 1305 3420 „increpitus”,

185 3431 317 3494 agridium,
347 3432 505 3485 factumest,
538 3437 562 3476 ut
581 3435 664 3487 tanta,
683 3433 714 3477 Α.
752 3433 831 3491 Vulgo
858 3433 993 3477 scriberent
1011 3431 1077 3493 Quin
1095 3440 1226 3492 correptus
1245 3437 1261 3479 i.
1283 3449 1306 3480 e.

186 3504 283 3560 „Qnid,
303 3503 366 3558 quod
385 3504 457 3547 eiiam
476 3502 547 3545 homo
566 3501 596 3546 ult
615 3503 692 3546 altero
714 3502 844 3556 increpitus
863 3503 899 3545 rel
918 3504 1050 3556 appellatus
1071 3516 1097 3546 se
1117 3517 1145 3546 ex
1158 3517 1243 3548 somno
1257 3506 1307 3548 col-

185 3571 280 3632 ttgttt¹¹
298 3571 359 3617 Cdd.
382 3572 465 3627 (ctiam
477 3572 506 3616 C.
520 3570 563 3626 E.)
583 3573 711 3616 lectionem
728 3576 794 3616 recte
813 3572 919 3615 restituit
937 3571 1010 3618 Wals.
1068 3569 1127 3616 943.
1147 3573 1305 3630 llicquoqne

185 3641 300 3699 sequendi
327 3647 396 3686 erant
422 3645 481 3695 opti.
507 3641 568 3684 Cdd.
589 3641 667 3698 Lugd.
688 3645 766 3696 uterq.
787 3639 817 3682 C.
837 3639 867 3682 E.
887 3641 948 3685 Alii.
979 3665 1012 3675 -
1043 3642 1129 3700 gratis
1148 3642 1172 3686 h.
1193 3643 1210 3686 l.
1230 3644 1308 3697 prima

185 3709 375 3769 significatione,
402 3724 460 3767 qnae
480 3711 557 3753 elucet
575 3723 604 3753 ex
623 3710 735 3764 opposito
753 3709 895 3767 ingratiis,
925 3711 942 3753 i.
964 3724 986 3754 e·
1006 3715 1108 3768 ‚‚51·ata,
1129 3711 1243 3765 iucundo,
1264 3712 1307 3756 tibi

185 3781 302 3823 volenti.”
332 3779 397 3825 Nam
416 3779 498 3838 graiis
509 3774 567 3836 suii
584 3777 630 3822 titt
648 3779 698 3821 vito
717 3777 777 3821 Cdd.
798 3775 882 3834 (etiam
894 3776 977 3836 cdi.)
999 3801 1027 3810 -
1047 3777 1114 3824 Nom
1131 3786 1234 3840 gratum
1246 3777 1308 3839 sue-

184 3849 219 3893 rit
232 3848 278 3892 obt
290 3850 339 3893 vita
352 3851 393 3893 W.
402 3847 494 3895 Eichst.
510 3848 606 3891 soloecc
621 3847 643 3890 in
658 3861 681 3890 r.
695 3853 797 3907 grutam
806 3859 815 3890 .·
827 3852 892 3892 recte
899 3845 993 3906 suerii.
1013 3872 1045 3882 —
1064 3847 1128 3893 Nom
1139 3850 1164 3892 si
1172 3847 1310 3910 groiusru't

185 3917 230 3962 tibi
252 3918 302 3961 sito
327 3931 356 3961 ex
382 3918 494 3974 interpol.
517 3919 545 3964 Α.
569 3915 599 3960 1..
621 3917 653 3960 ll.
679 3919 703 3960 si
728 3919 751 3961 in
774 3916 860 3960 talibus
884 3919 944 3973 apud
970 3921 1053 3972 postas
1079 3932 1149 3973 saepe
1178 3920 1305 3964 omittitur.

189 3983 248 4033 954.
263 3983 445 4047 offinsuestL.
459 3987 490 4030 ll.
530 3983 588 4031 955.
603 3987 634 4030 iia
646 3986 722 4030 Codd.
734 3985 756 4032 6.
770 3985 940 4042 (erramus.)
950 3987 1010 4034 Edd.
1020 3993 1077 4034 rett.
1086 3989 1129 4032 W.
1143 4008 1177 4020 -
1188 3990 1305 4036 rnuleAr.

185 4056 214 4101 L.
228 4057 258 4100 ll.
288 4055 421 4100 Construe:
455 4069 534 4113 ‚equor
559 4056 655 4113 quaeris
681 4057 768 4101 addere
793 4056 895 4111 sinplius
921 4059 997 4112 muli,
1030 4059 1092 4116 quod
1110 4070 1207 4100 rursum
1227 4063 1309 4112 pereat

187 4125 292 4171 etcet.''
329 4120 388 4169 ⁹56.
407 4122 464 4168 iton
482 4125 558 4170 Codd.
573 4123 596 4173 6.
612 4127 694 4171 eltnei
707 4127 736 4170 C.
751 4126 781 4170 E.
796 4125 826 4170 Α.
864 4129 1009 4173 nuncEdd.
1030 4125 1147 4171 rettdr.
1183 4127 1306 4172 necCod.

187 4193 334 4242 nnus.Lll.
375 4189 432 4239 961.
451 4207 545 4254 perges
563 4194 592 4239 C.
608 4195 639 4239 E.
654 4196 696 4239 W.
728 4194 764 4239 lb.
786 4193 998 4245 cineroCod.H.
1036 4193 1307 4251 963.r·espondeomus

186 4264 216 4309 L.
228 4265 259 4309 ll.
298 4259 357 4309 967.
377 4259 496 4308 barathro
509 4263 585 4309 Codd.
601 4264 670 4308 etiem
681 4263 711 4312 E.
731 4264 833 4309 borotra
847 4264 875 4309 C.
889 4264 935 4310 Ed.
946 4265 1013 4310 Brit.
1033 4261 1110 4308 burdo
1124 4264 1167 4309 nv.
1181 4265 1210 4308 Ρ.
1234 4265 1307 4308 boru-
