<?xml version="1.0" encoding="UTF-8"?>
<!DOCTYPE html PUBLIC "-//W3C//DTD XHTML 1.0 Transitional//EN"
    "http://www.w3.org/TR/xhtml1/DTD/xhtml1-transitional.dtd">
<html xmlns="http://www.w3.org/1999/xhtml" xml:lang="en" lang="en">
 <head>
  <title>
</title>
<meta http-equiv="Content-Type" content="text/html;charset=utf-8" />
  <meta name='ocr-system' content='tesseract 3.04.00' />
  <meta name='ocr-capabilities' content='ocr_page ocr_carea ocr_par ocr_line ocrx_word'/>
</head>
<body>
  <div class='ocr_page' id='page_1' title='image "./eclogaepoetarum01orelgoog_0388.png"; bbox 0 0 2948 4820; ppageno 0'>
   <div class='ocr_carea' id='block_1_1' title="bbox 0 2416 6 3002">
    <p class='ocr_par' dir='ltr' id='par_1_1' title="bbox 0 2416 6 3002">
     <span class='ocr_line' id='line_1_1' title="bbox 0 2416 6 3002; baseline 0 0"><span class='ocrx_word' id='word_1_1' title='bbox 0 2416 6 3002; x_wconf 95' lang='lat' dir='ltr'><strong> </strong></span> 
     </span>
    </p>
   </div>
   <div class='ocr_carea' id='block_1_2' title="bbox 258 390 1268 3971">
    <p class='ocr_par' dir='ltr' id='par_1_2' title="bbox 258 390 1124 478">
     <span class='ocr_line' id='line_1_2' title="bbox 258 390 1124 478; baseline -0.003 -20"><span class='ocrx_word' id='word_1_2' title='bbox 258 392 404 478; x_wconf 82' lang='lat' dir='ltr'><strong>Accipe,</strong></span> <span class='ocrx_word' id='word_1_3' title='bbox 426 392 574 470; x_wconf 84' lang='lat' dir='ltr'><strong>Romeli,</strong></span> <span class='ocrx_word' id='word_1_4' title='bbox 598 390 772 477; x_wconf 78' lang='lat' dir='ltr'><strong>radiosque</strong></span> <span class='ocrx_word' id='word_1_5' title='bbox 793 390 932 478; x_wconf 84' lang='lat' dir='ltr'><strong>infringe</strong></span> <span class='ocrx_word' id='word_1_6' title='bbox 954 403 1124 470; x_wconf 89' lang='lat' dir='ltr'><strong>sonantes,</strong></span> 
     </span>
    </p>

    <p class='ocr_par' dir='ltr' id='par_1_3' title="bbox 261 493 1258 982">
     <span class='ocr_line' id='line_1_3' title="bbox 261 493 1099 578; baseline -0.002 -18"><span class='ocrx_word' id='word_1_7' title='bbox 261 495 337 561; x_wconf 87' lang='lat' dir='ltr'><strong>Sive</strong></span> <span class='ocrx_word' id='word_1_8' title='bbox 358 495 447 559; x_wconf 87' lang='lat' dir='ltr'><strong>iuvat</strong></span> <span class='ocrx_word' id='word_1_9' title='bbox 469 493 614 560; x_wconf 86' lang='lat' dir='ltr'><strong>minimos</strong></span> <span class='ocrx_word' id='word_1_10' title='bbox 636 493 750 558; x_wconf 82' lang='lat' dir='ltr'><strong>fidibus</strong></span> <span class='ocrx_word' id='word_1_11' title='bbox 772 497 943 578; x_wconf 81' lang='lat' dir='ltr'><strong>depectere</strong></span> <span class='ocrx_word' id='word_1_12' title='bbox 965 515 1099 560; x_wconf 80' lang='lat' dir='ltr'><strong>versus:</strong></span> 
     </span>
     <span class='ocr_line' id='line_1_4' title="bbox 344 595 1258 683; baseline -0.002 -21"><span class='ocrx_word' id='word_1_13' title='bbox 344 599 500 675; x_wconf 78' lang='lat' dir='ltr'><strong>„Fortem</strong></span> <span class='ocrx_word' id='word_1_14' title='bbox 524 619 589 662; x_wconf 91' lang='lat' dir='ltr'><strong>non</strong></span> <span class='ocrx_word' id='word_1_15' title='bbox 612 619 675 683; x_wconf 83' lang='lat' dir='ltr'><strong>ego</strong></span> <span class='ocrx_word' id='word_1_16' title='bbox 700 595 855 675; x_wconf 81' lang='lat' dir='ltr'><strong>dixerim,</strong></span> <span class='ocrx_word' id='word_1_17' title='bbox 1217 596 1258 660; x_wconf 84' lang='lat'><strong>85</strong></span> 
     </span>
     <span class='ocr_line' id='line_1_5' title="bbox 350 699 844 784; baseline -0.002 -21"><span class='ocrx_word' id='word_1_18' title='bbox 350 701 454 781; x_wconf 85' lang='lat' dir='ltr'><strong>Quem</strong></span> <span class='ocrx_word' id='word_1_19' title='bbox 477 699 554 765; x_wconf 93' lang='lat' dir='ltr'><strong>belli</strong></span> <span class='ocrx_word' id='word_1_20' title='bbox 576 699 688 783; x_wconf 89' lang='lat' dir='ltr'><strong>spoliis</strong></span> <span class='ocrx_word' id='word_1_21' title='bbox 711 721 844 784; x_wconf 86' lang='lat' dir='ltr'><strong>gravem</strong></span> 
     </span>
     <span class='ocr_line' id='line_1_6' title="bbox 347 803 725 886; baseline -0.005 -19"><span class='ocrx_word' id='word_1_22' title='bbox 347 803 476 868; x_wconf 86' lang='lat' dir='ltr'><strong>imbelli</strong></span> <span class='ocrx_word' id='word_1_23' title='bbox 497 814 629 886; x_wconf 90' lang='lat' dir='ltr'><strong>superat</strong></span> <span class='ocrx_word' id='word_1_24' title='bbox 650 803 725 866; x_wconf 93' lang='lat' dir='ltr'><strong>colu</strong></span> 
     </span>
     <span class='ocr_line' id='line_1_7' title="bbox 349 905 877 982; baseline -0.004 -12"><span class='ocrx_word' id='word_1_25' title='bbox 349 906 564 982; x_wconf 86' lang='lat' dir='ltr'><strong>Formosum,</strong></span> <span class='ocrx_word' id='word_1_26' title='bbox 590 905 719 981; x_wconf 85' lang='lat' dir='ltr'><strong>mulier,</strong></span> <span class='ocrx_word' id='word_1_27' title='bbox 745 908 877 970; x_wconf 88' lang='lat' dir='ltr'><strong>malum.</strong></span> 
     </span>
    </p>

    <p class='ocr_par' dir='ltr' id='par_1_4' title="bbox 350 1008 807 1073">
     <span class='ocr_line' id='line_1_8' title="bbox 350 1008 807 1073; baseline 0.002 -3"><span class='ocrx_word' id='word_1_28' title='bbox 350 1009 414 1071; x_wconf 93' lang='lat' dir='ltr'><strong>Hic</strong></span> <span class='ocrx_word' id='word_1_29' title='bbox 436 1020 483 1070; x_wconf 89' lang='lat' dir='ltr'><strong>est</strong></span> <span class='ocrx_word' id='word_1_30' title='bbox 505 1008 686 1071; x_wconf 87' lang='lat' dir='ltr'><strong>Herculeus</strong></span> <span class='ocrx_word' id='word_1_31' title='bbox 713 1008 807 1073; x_wconf 91' lang='lat' dir='ltr'><strong>labor</strong></span> 
     </span>
    </p>

    <p class='ocr_par' dir='ltr' id='par_1_5' title="bbox 264 1110 1262 1297">
     <span class='ocr_line' id='line_1_9' title="bbox 349 1110 1262 1176; baseline -0.003 1"><span class='ocrx_word' id='word_1_32' title='bbox 349 1111 428 1176; x_wconf 86' lang='lat' dir='ltr'><strong>Non</strong></span> <span class='ocrx_word' id='word_1_33' title='bbox 450 1110 534 1174; x_wconf 85' lang='lat' dir='ltr'><strong>vinci</strong></span> <span class='ocrx_word' id='word_1_34' title='bbox 556 1111 645 1173; x_wconf 86' lang='lat' dir='ltr'><strong>velut</strong></span> <span class='ocrx_word' id='word_1_35' title='bbox 666 1111 862 1175; x_wconf 87' lang='lat' dir='ltr'><strong>Hercules.&#39;&#39;</strong></span> <span class='ocrx_word' id='word_1_36' title='bbox 1034 1131 1043 1145; x_wconf 84' lang='lat'><strong>·</strong></span> <span class='ocrx_word' id='word_1_37' title='bbox 1221 1113 1262 1176; x_wconf 80' lang='lat'><strong>90</strong></span> 
     </span>
     <span class='ocr_line' id='line_1_10' title="bbox 264 1212 1146 1297; baseline 0.001 -20"><span class='ocrx_word' id='word_1_38' title='bbox 264 1212 340 1278; x_wconf 82' lang='lat' dir='ltr'><strong>sive</strong></span> <span class='ocrx_word' id='word_1_39' title='bbox 360 1212 449 1277; x_wconf 85' lang='lat' dir='ltr'><strong>iuvat</strong></span> <span class='ocrx_word' id='word_1_40' title='bbox 470 1212 627 1297; x_wconf 83' lang='lat' dir='ltr'><strong>tragicum</strong></span> <span class='ocrx_word' id='word_1_41' title='bbox 651 1214 790 1276; x_wconf 89' lang='lat' dir='ltr'><strong>numeris</strong></span> <span class='ocrx_word' id='word_1_42' title='bbox 812 1213 945 1296; x_wconf 86' lang='lat' dir='ltr'><strong>implere</strong></span> <span class='ocrx_word' id='word_1_43' title='bbox 968 1217 1146 1279; x_wconf 78' lang='lat' dir='ltr'><strong>theatruma</strong></span> 
     </span>
    </p>

    <p class='ocr_par' dir='ltr' id='par_1_6' title="bbox 348 1315 963 1400">
     <span class='ocr_line' id='line_1_11' title="bbox 348 1315 963 1400; baseline 0.002 -21"><span class='ocrx_word' id='word_1_44' title='bbox 348 1315 487 1400; x_wconf 82' lang='lat' dir='ltr'><strong>„Regali</strong></span> <span class='ocrx_word' id='word_1_45' title='bbox 509 1315 649 1378; x_wconf 88' lang='lat' dir='ltr'><strong>canimus</strong></span> <span class='ocrx_word' id='word_1_46' title='bbox 671 1318 767 1378; x_wconf 88' lang='lat' dir='ltr'><strong>caede</strong></span> <span class='ocrx_word' id='word_1_47' title='bbox 790 1316 963 1400; x_wconf 78' lang='lat' dir='ltr'><strong>Neapolim</strong></span> 
     </span>
    </p>

    <p class='ocr_par' dir='ltr' id='par_1_7' title="bbox 351 1417 1038 1495">
     <span class='ocr_line' id='line_1_12' title="bbox 351 1417 1038 1495; baseline 0.004 -14"><span class='ocrx_word' id='word_1_48' title='bbox 351 1418 534 1482; x_wconf 77' lang='lat' dir='ltr'><strong>Famosum.</strong></span> <span class='ocrx_word' id='word_1_49' title='bbox 578 1417 746 1482; x_wconf 86' lang='lat' dir='ltr'><strong>Lacrimas</strong></span> <span class='ocrx_word' id='word_1_50' title='bbox 768 1418 883 1495; x_wconf 87' lang='lat' dir='ltr'><strong>inude,</strong></span> <span class='ocrx_word' id='word_1_51' title='bbox 910 1420 1038 1484; x_wconf 77' lang='lat' dir='ltr'><strong>strenia.</strong></span> 
     </span>
    </p>

    <p class='ocr_par' dir='ltr' id='par_1_8' title="bbox 347 1519 1093 1602">
     <span class='ocr_line' id='line_1_13' title="bbox 347 1519 1093 1602; baseline 0.004 -19"><span class='ocrx_word' id='word_1_52' title='bbox 347 1521 511 1602; x_wconf 85' lang='lat' dir='ltr'><strong>Praeceps</strong></span> <span class='ocrx_word' id='word_1_53' title='bbox 534 1519 691 1584; x_wconf 87' lang='lat' dir='ltr'><strong>immerito</strong></span> <span class='ocrx_word' id='word_1_54' title='bbox 717 1521 875 1600; x_wconf 87' lang='lat' dir='ltr'><strong>Carolus,</strong></span> <span class='ocrx_word' id='word_1_55' title='bbox 899 1523 964 1586; x_wconf 89' lang='lat' dir='ltr'><strong>heu</strong></span> <span class='ocrx_word' id='word_1_56' title='bbox 985 1523 1093 1586; x_wconf 81' lang='lat' dir='ltr'><strong>nefas!</strong></span> 
     </span>
    </p>

    <p class='ocr_par' dir='ltr' id='par_1_9' title="bbox 353 1621 1262 1710">
     <span class='ocr_line' id='line_1_14' title="bbox 353 1621 1262 1710; baseline 0.001 -23"><span class='ocrx_word' id='word_1_57' title='bbox 353 1621 520 1687; x_wconf 85' lang='lat' dir='ltr'><strong>Exstinxit</strong></span> <span class='ocrx_word' id='word_1_58' title='bbox 541 1623 653 1707; x_wconf 84' lang='lat' dir='ltr'><strong>iugulo</strong></span> <span class='ocrx_word' id='word_1_59' title='bbox 676 1625 881 1710; x_wconf 81' lang='lat' dir='ltr'><strong>sanguineam</strong></span> <span class='ocrx_word' id='word_1_60' title='bbox 904 1625 1000 1691; x_wconf 91' lang='lat' dir='ltr'><strong>sitim.</strong></span> <span class='ocrx_word' id='word_1_61' title='bbox 1222 1625 1262 1688; x_wconf 83' lang='lat'><strong>95</strong></span> 
     </span>
    </p>

    <p class='ocr_par' dir='ltr' id='par_1_10' title="bbox 353 1725 1050 1811">
     <span class='ocr_line' id='line_1_15' title="bbox 353 1725 1050 1811; baseline 0.001 -22"><span class='ocrx_word' id='word_1_62' title='bbox 353 1726 489 1808; x_wconf 88' lang='lat' dir='ltr'><strong>Sceptro</strong></span> <span class='ocrx_word' id='word_1_63' title='bbox 513 1725 584 1811; x_wconf 89' lang='lat' dir='ltr'><strong>quis</strong></span> <span class='ocrx_word' id='word_1_64' title='bbox 605 1725 731 1790; x_wconf 89' lang='lat' dir='ltr'><strong>iuvenis</strong></span> <span class='ocrx_word' id='word_1_65' title='bbox 754 1727 831 1792; x_wconf 88' lang='lat' dir='ltr'><strong>iidat</strong></span> <span class='ocrx_word' id='word_1_66' title='bbox 853 1739 885 1792; x_wconf 92' lang='lat' dir='ltr'><strong>et</strong></span> <span class='ocrx_word' id='word_1_67' title='bbox 908 1727 1050 1793; x_wconf 86' lang='lat' dir='ltr'><strong>annulo?</strong></span> 
     </span>
    </p>

    <p class='ocr_par' dir='ltr' id='par_1_11' title="bbox 357 1829 1000 1913">
     <span class='ocr_line' id='line_1_16' title="bbox 357 1829 1000 1913; baseline 0.002 -20"><span class='ocrx_word' id='word_1_68' title='bbox 357 1829 446 1893; x_wconf 86' lang='lat' dir='ltr'><strong>Fatis</strong></span> <span class='ocrx_word' id='word_1_69' title='bbox 468 1829 527 1893; x_wconf 91' lang='lat' dir='ltr'><strong>iste</strong></span> <span class='ocrx_word' id='word_1_70' title='bbox 550 1840 638 1892; x_wconf 85' lang='lat' dir='ltr'><strong>tuum</strong></span> <span class='ocrx_word' id='word_1_71' title='bbox 661 1829 803 1911; x_wconf 86' lang='lat' dir='ltr'><strong>prodidit</strong></span> <span class='ocrx_word' id='word_1_72' title='bbox 824 1830 1000 1913; x_wconf 87' lang='lat' dir='ltr'><strong>improbis,</strong></span> 
     </span>
    </p>

    <p class='ocr_par' dir='ltr' id='par_1_12' title="bbox 358 1931 718 2014">
     <span class='ocr_line' id='line_1_17' title="bbox 358 1931 718 2014; baseline -0.017 -16"><span class='ocrx_word' id='word_1_73' title='bbox 358 1931 561 2006; x_wconf 88' lang='lat' dir='ltr'><strong>Conradine,</strong></span> <span class='ocrx_word' id='word_1_74' title='bbox 587 1931 718 2014; x_wconf 85' lang='lat' dir='ltr'><strong>caput.’&#39;</strong></span> 
     </span>
    </p>

    <p class='ocr_par' dir='ltr' id='par_1_13' title="bbox 273 2035 1235 2120">
     <span class='ocr_line' id='line_1_18' title="bbox 273 2035 1235 2120; baseline -0.002 -20"><span class='ocrx_word' id='word_1_75' title='bbox 273 2038 338 2101; x_wconf 90' lang='lat' dir='ltr'><strong>Seu</strong></span> <span class='ocrx_word' id='word_1_76' title='bbox 358 2035 527 2118; x_wconf 86' lang='lat' dir='ltr'><strong>proprium</strong></span> <span class='ocrx_word' id='word_1_77' title='bbox 548 2036 670 2098; x_wconf 88' lang='lat' dir='ltr'><strong>Flacco</strong></span> <span class='ocrx_word' id='word_1_78' title='bbox 694 2056 780 2098; x_wconf 89' lang='lat' dir='ltr'><strong>mens</strong></span> <span class='ocrx_word' id='word_1_79' title='bbox 803 2047 851 2098; x_wconf 89' lang='lat' dir='ltr'><strong>est</strong></span> <span class='ocrx_word' id='word_1_80' title='bbox 873 2035 1066 2120; x_wconf 86' lang='lat' dir='ltr'><strong>subiungere</strong></span> <span class='ocrx_word' id='word_1_81' title='bbox 1089 2055 1235 2111; x_wconf 88' lang='lat' dir='ltr'><strong>carmen,</strong></span> 
     </span>
    </p>

    <p class='ocr_par' dir='ltr' id='par_1_14' title="bbox 269 2137 1268 2223">
     <span class='ocr_line' id='line_1_19' title="bbox 269 2137 1268 2223; baseline -0.005 -20"><span class='ocrx_word' id='word_1_82' title='bbox 269 2139 371 2222; x_wconf 90' lang='lat' dir='ltr'><strong>quue</strong></span> <span class='ocrx_word' id='word_1_83' title='bbox 395 2139 449 2202; x_wconf 85' lang='lat' dir='ltr'><strong>vel</strong></span> <span class='ocrx_word' id='word_1_84' title='bbox 468 2138 621 2214; x_wconf 89' lang='lat' dir='ltr'><strong>incisum,</strong></span> <span class='ocrx_word' id='word_1_85' title='bbox 645 2137 825 2223; x_wconf 81' lang='lat' dir='ltr'><strong>priscisque</strong></span> <span class='ocrx_word' id='word_1_86' title='bbox 848 2139 979 2222; x_wconf 87' lang='lat' dir='ltr'><strong>aequale</strong></span> <span class='ocrx_word' id='word_1_87' title='bbox 996 2137 1180 2204; x_wconf 79' lang='lat' dir='ltr'><strong>cothurnist</strong></span> <span class='ocrx_word' id='word_1_88' title='bbox 1206 2138 1268 2200; x_wconf 82' lang='lat'><strong>100</strong></span> 
     </span>
    </p>

    <p class='ocr_par' dir='ltr' id='par_1_15' title="bbox 271 2241 953 2331">
     <span class='ocr_line' id='line_1_20' title="bbox 271 2241 953 2331; baseline -0.001 -26"><span class='ocrx_word' id='word_1_89' title='bbox 271 2241 415 2318; x_wconf 87' lang='lat' dir='ltr'><strong>„Metire</strong></span> <span class='ocrx_word' id='word_1_90' title='bbox 436 2241 592 2324; x_wconf 88' lang='lat' dir='ltr'><strong>primum,</strong></span> <span class='ocrx_word' id='word_1_91' title='bbox 615 2262 655 2304; x_wconf 90' lang='lat' dir='ltr'><strong>ue</strong></span> <span class='ocrx_word' id='word_1_92' title='bbox 676 2261 814 2331; x_wconf 80' lang='lat' dir='ltr'><strong>peragas</strong></span> <span class='ocrx_word' id='word_1_93' title='bbox 836 2242 953 2304; x_wconf 86' lang='lat' dir='ltr'><strong>scelus.</strong></span> 
     </span>
    </p>

    <p class='ocr_par' dir='ltr' id='par_1_16' title="bbox 270 2342 906 2426">
     <span class='ocr_line' id='line_1_21' title="bbox 270 2342 906 2426; baseline -0.003 -17"><span class='ocrx_word' id='word_1_94' title='bbox 270 2344 326 2409; x_wconf 85' lang='lat' dir='ltr'><strong>Nil</strong></span> <span class='ocrx_word' id='word_1_95' title='bbox 350 2343 597 2426; x_wconf 88' lang='lat' dir='ltr'><strong>concupiscens,</strong></span> <span class='ocrx_word' id='word_1_96' title='bbox 621 2343 765 2426; x_wconf 82' lang='lat' dir='ltr'><strong>possidet</strong></span> <span class='ocrx_word' id='word_1_97' title='bbox 787 2342 906 2407; x_wconf 86' lang='lat' dir='ltr'><strong>omnia.</strong></span> 
     </span>
    </p>

    <p class='ocr_par' dir='ltr' id='par_1_17' title="bbox 273 2448 884 2532">
     <span class='ocr_line' id='line_1_22' title="bbox 273 2448 884 2532; baseline -0.003 -20"><span class='ocrx_word' id='word_1_98' title='bbox 273 2448 424 2532; x_wconf 90' lang='lat' dir='ltr'><strong>Regnum</strong></span> <span class='ocrx_word' id='word_1_99' title='bbox 446 2453 494 2511; x_wconf 87' lang='lat' dir='ltr'><strong>est</strong></span> <span class='ocrx_word' id='word_1_100' title='bbox 516 2467 625 2510; x_wconf 87' lang='lat' dir='ltr'><strong>carere</strong></span> <span class='ocrx_word' id='word_1_101' title='bbox 648 2467 744 2530; x_wconf 90' lang='lat' dir='ltr'><strong>posse</strong></span> <span class='ocrx_word' id='word_1_102' title='bbox 767 2467 884 2531; x_wconf 87' lang='lat' dir='ltr'><strong>regno.</strong></span> 
     </span>
    </p>

    <p class='ocr_par' dir='ltr' id='par_1_18' title="bbox 357 2548 906 2633">
     <span class='ocr_line' id='line_1_23' title="bbox 357 2548 906 2633; baseline -0.002 -20"><span class='ocrx_word' id='word_1_103' title='bbox 357 2551 491 2633; x_wconf 87' lang='lat' dir='ltr'><strong>Semper</strong></span> <span class='ocrx_word' id='word_1_104' title='bbox 512 2548 606 2632; x_wconf 88' lang='lat' dir='ltr'><strong>inops</strong></span> <span class='ocrx_word' id='word_1_105' title='bbox 629 2548 754 2613; x_wconf 87' lang='lat' dir='ltr'><strong>inhians</strong></span> <span class='ocrx_word' id='word_1_106' title='bbox 776 2549 906 2612; x_wconf 83' lang='lat' dir='ltr'><strong>futuris.</strong></span> 
     </span>
    </p>

    <p class='ocr_par' dir='ltr' id='par_1_19' title="bbox 275 2651 939 2734">
     <span class='ocr_line' id='line_1_24' title="bbox 275 2651 939 2734; baseline -0.008 -15"><span class='ocrx_word' id='word_1_107' title='bbox 275 2651 427 2734; x_wconf 85' lang='lat' dir='ltr'><strong>Quaesita</strong></span> <span class='ocrx_word' id='word_1_108' title='bbox 450 2652 519 2716; x_wconf 88' lang='lat' dir='ltr'><strong>laus</strong></span> <span class='ocrx_word' id='word_1_109' title='bbox 541 2651 571 2714; x_wconf 94' lang='lat' dir='ltr'><strong>in</strong></span> <span class='ocrx_word' id='word_1_110' title='bbox 594 2652 716 2734; x_wconf 86' lang='lat' dir='ltr'><strong>probra</strong></span> <span class='ocrx_word' id='word_1_111' title='bbox 737 2653 905 2717; x_wconf 86' lang='lat' dir='ltr'><strong>relabitur.</strong></span> <span class='ocrx_word' id='word_1_112' title='bbox 938 2659 939 2662; x_wconf 75' lang='grc'>’</span> 
     </span>
    </p>

    <p class='ocr_par' dir='ltr' id='par_1_20' title="bbox 272 2754 806 2842">
     <span class='ocr_line' id='line_1_25' title="bbox 272 2754 806 2842; baseline -0.002 -21"><span class='ocrx_word' id='word_1_113' title='bbox 272 2756 412 2842; x_wconf 86' lang='lat' dir='ltr'><strong>Ignotus</strong></span> <span class='ocrx_word' id='word_1_114' title='bbox 436 2754 510 2820; x_wconf 91' lang='lat' dir='ltr'><strong>orbi</strong></span> <span class='ocrx_word' id='word_1_115' title='bbox 531 2754 640 2820; x_wconf 88' lang='lat' dir='ltr'><strong>notior</strong></span> <span class='ocrx_word' id='word_1_116' title='bbox 662 2766 712 2819; x_wconf 89' lang='lat' dir='ltr'><strong>est</strong></span> <span class='ocrx_word' id='word_1_117' title='bbox 733 2755 806 2820; x_wconf 90' lang='lat' dir='ltr'><strong>sibi.</strong></span> 
     </span>
    </p>

    <p class='ocr_par' dir='ltr' id='par_1_21' title="bbox 276 2857 898 3036">
     <span class='ocr_line' id='line_1_26' title="bbox 276 2857 777 2941; baseline -0.002 -17"><span class='ocrx_word' id='word_1_118' title='bbox 276 2861 402 2924; x_wconf 86' lang='lat' dir='ltr'><strong>Stetere</strong></span> <span class='ocrx_word' id='word_1_119' title='bbox 424 2879 488 2922; x_wconf 89' lang='lat' dir='ltr'><strong>non</strong></span> <span class='ocrx_word' id='word_1_120' title='bbox 510 2857 604 2941; x_wconf 89' lang='lat' dir='ltr'><strong>pauci</strong></span> <span class='ocrx_word' id='word_1_121' title='bbox 624 2857 777 2923; x_wconf 76' lang='lat' dir='ltr'><strong>incendor</strong></span> 
     </span>
     <span class='ocr_line' id='line_1_27' title="bbox 360 2961 898 3036; baseline -0.002 -11"><span class='ocrx_word' id='word_1_122' title='bbox 360 2963 483 3025; x_wconf 84' lang='lat' dir='ltr'><strong>Stando</strong></span> <span class='ocrx_word' id='word_1_123' title='bbox 507 2961 601 3036; x_wconf 87' lang='lat' dir='ltr'><strong>etiam</strong></span> <span class='ocrx_word' id='word_1_124' title='bbox 623 2961 752 3025; x_wconf 85' lang='lat' dir='ltr'><strong>iacuere</strong></span> <span class='ocrx_word' id='word_1_125' title='bbox 774 2961 898 3026; x_wconf 89' lang='lat' dir='ltr'><strong>multi.”</strong></span> 
     </span>
    </p>

    <p class='ocr_par' dir='ltr' id='par_1_22' title="bbox 278 3064 1086 3148">
     <span class='ocr_line' id='line_1_28' title="bbox 278 3064 1086 3148; baseline -0.002 -18"><span class='ocrx_word' id='word_1_126' title='bbox 278 3065 346 3130; x_wconf 89' lang='lat' dir='ltr'><strong>Vel</strong></span> <span class='ocrx_word' id='word_1_127' title='bbox 367 3075 487 3128; x_wconf 86' lang='lat' dir='ltr'><strong>tantum</strong></span> <span class='ocrx_word' id='word_1_128' title='bbox 510 3064 603 3146; x_wconf 90' lang='lat' dir='ltr'><strong>lyrici</strong></span> <span class='ocrx_word' id='word_1_129' title='bbox 624 3065 708 3127; x_wconf 83' lang='lat' dir='ltr'><strong>vatis</strong></span> <span class='ocrx_word' id='word_1_130' title='bbox 730 3065 937 3129; x_wconf 89' lang='lat' dir='ltr'><strong>concentibus</strong></span> <span class='ocrx_word' id='word_1_131' title='bbox 959 3076 1086 3148; x_wconf 84' lang='lat' dir='ltr'><strong>aptum:</strong></span> 
     </span>
    </p>

    <p class='ocr_par' dir='ltr' id='par_1_23' title="bbox 282 3168 913 3251">
     <span class='ocr_line' id='line_1_29' title="bbox 282 3168 913 3251; baseline -0.002 -17"><span class='ocrx_word' id='word_1_132' title='bbox 282 3171 359 3245; x_wconf 88' lang='lat' dir='ltr'><strong>„Ne</strong></span> <span class='ocrx_word' id='word_1_133' title='bbox 381 3169 474 3232; x_wconf 83' lang='lat' dir='ltr'><strong>differ</strong></span> <span class='ocrx_word' id='word_1_134' title='bbox 494 3170 631 3232; x_wconf 90' lang='lat' dir='ltr'><strong>Hunnos</strong></span> <span class='ocrx_word' id='word_1_135' title='bbox 654 3168 773 3251; x_wconf 88' lang='lat' dir='ltr'><strong>pellere</strong></span> <span class='ocrx_word' id='word_1_136' title='bbox 796 3169 913 3251; x_wconf 83' lang='lat' dir='ltr'><strong>patria.</strong></span> 
     </span>
    </p>

    <p class='ocr_par' dir='ltr' id='par_1_24' title="bbox 278 3271 922 3355">
     <span class='ocr_line' id='line_1_30' title="bbox 278 3271 922 3355; baseline -0.005 -20"><span class='ocrx_word' id='word_1_137' title='bbox 278 3271 413 3348; x_wconf 85' lang='lat' dir='ltr'><strong>Virtus,</strong></span> <span class='ocrx_word' id='word_1_138' title='bbox 442 3272 584 3355; x_wconf 88' lang='lat' dir='ltr'><strong>ligonum</strong></span> <span class='ocrx_word' id='word_1_139' title='bbox 607 3292 697 3334; x_wconf 90' lang='lat' dir='ltr'><strong>more</strong></span> <span class='ocrx_word' id='word_1_140' title='bbox 720 3271 922 3346; x_wconf 87' lang='lat' dir='ltr'><strong>rubentium,</strong></span> 
     </span>
    </p>

    <p class='ocr_par' dir='ltr' id='par_1_25' title="bbox 363 3372 911 3542">
     <span class='ocr_line' id='line_1_31' title="bbox 363 3372 850 3458; baseline -0.002 -21"><span class='ocrx_word' id='word_1_141' title='bbox 363 3374 563 3458; x_wconf 88' lang='lat' dir='ltr'><strong>Splendescit</strong></span> <span class='ocrx_word' id='word_1_142' title='bbox 584 3372 712 3451; x_wconf 90' lang='lat' dir='ltr'><strong>attritu,</strong></span> <span class='ocrx_word' id='word_1_143' title='bbox 737 3375 850 3438; x_wconf 87' lang='lat' dir='ltr'><strong>labore</strong></span> 
     </span>
     <span class='ocr_line' id='line_1_32' title="bbox 365 3475 911 3542; baseline -0.005 0"><span class='ocrx_word' id='word_1_144' title='bbox 365 3475 517 3542; x_wconf 85' lang='lat' dir='ltr'><strong>Continui</strong></span> <span class='ocrx_word' id='word_1_145' title='bbox 540 3478 724 3539; x_wconf 86' lang='lat' dir='ltr'><strong>renovanda</strong></span> <span class='ocrx_word' id='word_1_146' title='bbox 747 3476 836 3541; x_wconf 92' lang='lat' dir='ltr'><strong>belli.</strong></span> <span class='ocrx_word' id='word_1_147' title='bbox 909 3475 911 3482; x_wconf 74' lang='grc'>’</span> 
     </span>
    </p>

    <p class='ocr_par' dir='ltr' id='par_1_26' title="bbox 277 3579 879 3660">
     <span class='ocr_line' id='line_1_33' title="bbox 277 3579 879 3660; baseline -0.007 -15"><span class='ocrx_word' id='word_1_148' title='bbox 277 3582 405 3646; x_wconf 89' lang='lat' dir='ltr'><strong>Iactura</strong></span> <span class='ocrx_word' id='word_1_149' title='bbox 427 3599 492 3641; x_wconf 91' lang='lat' dir='ltr'><strong>non</strong></span> <span class='ocrx_word' id='word_1_150' title='bbox 514 3589 562 3640; x_wconf 88' lang='lat' dir='ltr'><strong>est</strong></span> <span class='ocrx_word' id='word_1_151' title='bbox 584 3589 687 3640; x_wconf 88' lang='lat' dir='ltr'><strong>morte</strong></span> <span class='ocrx_word' id='word_1_152' title='bbox 710 3579 879 3660; x_wconf 88' lang='lat' dir='ltr'><strong>perennius</strong></span> 
     </span>
    </p>

    <p class='ocr_par' dir='ltr' id='par_1_27' title="bbox 280 3679 957 3764">
     <span class='ocr_line' id='line_1_34' title="bbox 280 3679 957 3764; baseline -0.004 -15"><span class='ocrx_word' id='word_1_153' title='bbox 280 3685 408 3750; x_wconf 84' lang='lat' dir='ltr'><strong>Aevum</strong></span> <span class='ocrx_word' id='word_1_154' title='bbox 430 3679 560 3764; x_wconf 87' lang='lat' dir='ltr'><strong>pacisci.</strong></span> <span class='ocrx_word' id='word_1_155' title='bbox 605 3679 669 3760; x_wconf 87' lang='lat' dir='ltr'><strong>Qui</strong></span> <span class='ocrx_word' id='word_1_156' title='bbox 691 3683 812 3764; x_wconf 87' lang='lat' dir='ltr'><strong>patriae</strong></span> <span class='ocrx_word' id='word_1_157' title='bbox 836 3704 957 3746; x_wconf 89' lang='lat' dir='ltr'><strong>memor</strong></span> 
     </span>
    </p>

    <p class='ocr_par' dir='ltr' id='par_1_28' title="bbox 284 3784 966 3971">
     <span class='ocr_line' id='line_1_35' title="bbox 284 3784 761 3870; baseline -0.008 -17"><span class='ocrx_word' id='word_1_158' title='bbox 284 3786 415 3870; x_wconf 82' lang='lat' dir='ltr'><strong>Corpus</strong></span> <span class='ocrx_word' id='word_1_159' title='bbox 436 3784 604 3869; x_wconf 86' lang='lat' dir='ltr'><strong>fatigatum</strong></span> <span class='ocrx_word' id='word_1_160' title='bbox 626 3785 761 3849; x_wconf 87' lang='lat' dir='ltr'><strong>reclinat</strong></span> 
     </span>
     <span class='ocr_line' id='line_1_36' title="bbox 365 3887 966 3971; baseline -0.002 -18"><span class='ocrx_word' id='word_1_161' title='bbox 365 3887 563 3953; x_wconf 88' lang='lat' dir='ltr'><strong>Volneribus</strong></span> <span class='ocrx_word' id='word_1_162' title='bbox 575 3930 585 3963; x_wconf 93' lang='lat'><strong>,</strong></span> <span class='ocrx_word' id='word_1_163' title='bbox 610 3887 691 3950; x_wconf 84' lang='lat' dir='ltr'><strong>iacet</strong></span> <span class='ocrx_word' id='word_1_164' title='bbox 712 3887 744 3950; x_wconf 91' lang='lat' dir='ltr'><strong>in</strong></span> <span class='ocrx_word' id='word_1_165' title='bbox 767 3887 966 3971; x_wconf 83' lang='lat' dir='ltr'><strong>triumpho.&#39;&#39;</strong></span> 
     </span>
    </p>
   </div>
   <div class='ocr_carea' id='block_1_3' title="bbox 611 4133 825 4147">
    <p class='ocr_par' dir='ltr' id='par_1_29' title="bbox 611 4133 825 4147">
     <span class='ocr_line' id='line_1_37' title="bbox 611 4133 825 4147; baseline -0.009 0"><span class='ocrx_word' id='word_1_166' title='bbox 611 4133 825 4147; x_wconf 51' lang='lat' dir='ltr'><strong>um-</strong></span> 
     </span>
    </p>
   </div>
   <div class='ocr_carea' id='block_1_4' title="bbox 0 0 1505 4820">
    <p class='ocr_par' dir='ltr' id='par_1_30' title="bbox 0 0 1505 4820">
     <span class='ocr_line' id='line_1_38' title="bbox 0 0 1505 4820; baseline 0 0"><span class='ocrx_word' id='word_1_167' title='bbox 0 0 1505 4820; x_wconf 95' lang='lat' dir='ltr'><strong> </strong></span> 
     </span>
    </p>
   </div>
  </div>
 </body>
</html>
