2948 4820
208 389 302 452 Dona
325 410 440 451 novem
463 387 553 454 libris
576 409 656 473 quae
679 391 822 455 tribuere
846 391 941 469 meis,

144 492 316 574 Agnosces
342 513 389 552 me
411 490 478 554 iure
501 512 572 555 meo
594 505 797 556 contemnere
820 507 975 558 mortem:

209 582 290 656 Nam
312 591 378 656 sine
400 594 449 658 sul
472 595 621 677 Sapphus
645 595 770 660 nomine
793 597 896 660 nullus
917 596 992 660 erit.

680 779 735 844 28.

144 899 254 964 Paura
277 897 403 980 quidem
425 897 540 962 cecinit
562 900 654 964 nobie
677 900 817 978 Erinna,
842 901 988 984 loquelae

201 1002 329 1077 Parca,
355 1003 411 1062 sed
433 1001 496 1064 hoc
519 1003 631 1066 Mum
653 1013 715 1065 tam
739 1005 839 1066 breve
863 1025 990 1066 carmen
1013 1005 1119 1070 habet.

143 1104 215 1166 Nee
234 1101 296 1164 'luit
318 1124 334 1163 a
356 1104 459 1168 lamae
482 1106 604 1167 deserta
626 1105 763 1168 lavore:
789 1126 847 1168 nee
868 1105 952 1168 illam

207 1203 395 1284 Implicitam
418 1205 529 1286 pennis
552 1227 618 1270 nox
640 1205 720 1289 tegit
742 1218 811 1268 atra
833 1205 912 1269 suis.

144 1305 191 1368 At
213 1327 272 1369 nos
293 1306 413 1370 interea
436 1319 541 1370 vntum
565 1329 734 1370 numerosa
756 1303 915 1372 novorum

206 1407 297 1470 Milia
320 1411 404 1470 nube
427 1409 505 1494 tegit
528 1409 676 1489 proxima
699 1431 793 1491 saepe
816 1411 902 1494 dies3

143 1511 225 1574 Nam
249 1511 359 1572 melius
382 1511 472 1590 cycni
494 1515 763 1587 earmrnlreve,
788 1531 881 1595 quam
903 1535 1003 1576 sonus
1025 1517 1147 1594 omnis,

206 1611 309 1691 Quem
331 1611 456 1696 spargit
479 1633 593 1676 vernas
616 1615 765 1697 graculus
788 1613 820 1678 in
842 1616 985 1681 nebulas.

679 1801 732 1864 29.

142 1917 255 1982 Dulcis
277 1917 330 1980 hie
351 1917 489 1980 Erinnae
511 1919 605 1981 lahor
627 1932 696 1995 est,
722 1942 785 1983 nou
808 1941 940 2004 magnus
961 1923 1016 2000 (ad
1039 1941 1137 1986 annos

206 2019 314 2103 Virgo
337 2005 595 2084 novem-lantum
620 2022 743 2084 vixerat
767 2034 861 2106 utque
885 2025 1030 2102 deremrl

143 2125 208 2186 Sed
231 2121 335 2184 multis
358 2134 520 2204 praestans
543 2123 630 2187 attis:
655 2123 801 2187 uisitata
824 2124 973 2188 tulissent

207 2227 287 2288 Tam
309 2223 374 2289 cito
397 2247 466 2304 me,
489 2224 578 2288 euius
601 2227 705 2311 gloria
728 2237 815 2290 tanta
835 2225 945 2291 leret?

680 2413 733 2479 30.

143 2533 229 2594 Dum
253 2531 339 2613 paris
362 2542 523 2594 aeternum
546 2531 674 2598 mellitis
697 2533 888 2596 carminibus
912 2555 989 2612 rer,

206 2633 323 2696 Fundit
345 2633 490 2698 olorinus
512 2637 584 2696 dum
609 2647 662 2698 tua
685 2635 790 2718 lingua
814 2656 930 2712 sonos,

145 2739 257 2820 Regna
280 2757 337 2817 per
359 2739 540 2798 umbrarum
564 2748 594 2800 te
616 2738 678 2798 lert
701 2739 896 2808 Acherontis
919 2740 958 2800 ud
980 2740 1080 2802 {indas

205 2841 307 2902 Perea
330 2839 419 2902 colus
443 2839 525 2902 vitae
548 2859 644 2921 pensa
668 2839 819 2900 trahentis
842 2841 930 2902 hera.

142 2943 205 3004 Sed
229 2943 341 3002 doctus
363 2942 455 3003 labor
478 2940 529 3002 ille
552 2953 624 3002 tuus
646 2952 677 3002 te
701 2941 810 3003 vivere
833 2941 967 3016 clarnat,

206 3042 346 3121 Erinn'a,
370 3055 402 3107 et
424 3044 537 3106 Musas
559 3042 641 3104 inter
663 3044 781 3105 habere
802 3044 937 3108 choros.

679 3227 732 3291 31.

141 3349 293 3414 Erinnmu
318 3348 447 3431 vigilem
472 3349 642 3411 Musarum
665 3371 800 3429 carpere
822 3350 941 3423 liores,

206 3452 297 3530 Quae
321 3463 407 3514 vates
432 3454 512 3513 inter
536 3453 615 3513 laeta
639 3454 763 3514 virebat
785 3451 875 3530 apis,

140 3556 194 3617 Au
218 3575 271 3616 sua
294 3554 357 3615 fert
379 3555 499 3617 Pluton
523 3553 703 3616 connubia:
729 3575 803 3616 vera
828 3553 933 3635 puella

213 3656 365 3731 Dixerat3
390 3675 411 3720 ο
433 3655 575 3735 Pluton,
599 3654 724 3719 invidus
745 3678 779 3719 es
801 3657 940 3720 nimium!

280 3883 383 3928 Carmen
403 3889 441 3938 at,
461 3898 475 3928 ο
494 3884 600 3938 Erinnn,
621 3889 686 3928 tuum
705 3889 727 3927 te
746 3884 852 3927 clamitet
869 3882 935 3928 Orco

319 3955 431 4009 Ereptum
450 3955 519 4012 itique
539 3953 619 3998 choris
638 3955 717 3998 virere
735 3953 869 4012 Pieridum.

211 4017 256 4085 31]
275 4023 404 4068 Cuuielrlue
422 4023 472 4068 sie:

282 4095 352 4137 More
370 4093 423 4147 epis
441 4091 543 4135 eximios
562 4091 624 4136 inter
641 4093 742 4136 volitare
762 4092 844 4146 potitus

297 4163 439 4216 ,Adsuetum
460 4167 482 4205 et
501 4160 574 4204 floren
594 4174 693 4214 cernere
713 4160 849 4210 Castalios,

278 4231 394 4276 Erinumn
413 4230 501 4274 Pluton
520 4232 600 4284 lupuit
616 4231 671 4274 silui.
709 4231 773 4272 Veru
793 4228 885 4282 puellule

315 4301 369 4345 vox
386 4299 449 4345 luit:
469 4300 572 4355 Pluton,
593 4299 686 4344 invidus
705 4311 731 4344 ee
749 4295 863 4342 nimium!
