2946 4816
1187 235 1248 301 219

122 403 311 484 „Quidnam
333 398 434 484 igitur
455 397 590 462 faciam?
613 417 672 458 nec
693 417 792 468 nuuc,
818 413 914 478 quom
939 414 1083 457 arcessor
1105 405 1136 457 ct
1165 393 1251 458 ultro

123 505 315 587 Supplicat,
340 498 540 564 accedam‘?”
564 535 602 547 --
628 547 641 572 ,‚
652 499 687 562 Si
708 510 794 561 totus
819 510 850 560 et
871 497 998 580 integer
1019 495 1103 557 illine

122 609 284 681 Exieras,
309 626 367 667 nee
382 601 505 665 nuuc.''
518 633 557 644 -
574 601 656 678 Hic,
684 601 753 676 hic,
779 623 870 686 quem
892 597 1089 684 quaerimus,
1114 599 1165 662 hic
1182 610 1249 662 est:

125 713 207 772 Non
228 707 262 770 in
283 707 420 782 festuca,
445 704 542 768 lictor
565 725 656 789 quam
681 704 776 765 iactat
796 703 935 784 ineptus.
1192 701 1251 764 175

125 814 186 875 lus
210 813 303 872 habet
325 809 376 873 ille
391 807 447 871 -sui
470 809 588 889 palpo,
614 827 707 892 quem
731 803 816 868 ducit
837 805 973 867 hiantem

129 915 265 978 Cretata
289 910 444 975 ambitio?
466 909 579 993 Vigila
603 924 633 974 et
656 907 739 971 cicer
761 909 871 994 ingere
893 909 983 993 large

126 1017 265 1081 Rixanti
290 1015 432 1095 populo,
458 1025 566 1075 nostra
590 1023 624 1074 ut
646 1011 788 1075 Floralia
813 1009 936 1091 possint
1092 1077 1095 1085 ,

127 1117 248 1200 Aprici
270 1115 447 1179 meminisse
470 1137 574 1177 senes.
621 1115 706 1194 Quid
728 1112 914 1196 pulchrius?
936 1145 976 1155 -
1001 1115 1045 1176 At
1069 1135 1165 1196 quom

127 1220 274 1284 Herodis
299 1239 416 1282 venere
440 1217 504 1280 dies
527 1229 682 1299 unctaque
705 1216 847 1278 fenestra
1191 1215 1253 1276 180

127 1323 315 1404 Dispositae
338 1322 485 1404 pinguem
509 1320 653 1382 nebulam
677 1340 828 1382 vomuere
851 1319 999 1381 lucernae

129 1427 307 1489 Portantes
329 1424 431 1488 violas
455 1425 650 1506 rubrumque
673 1422 817 1504 amplexa
841 1420 978 1483 catinum

132 1528 244 1592 Gauda
267 1539 352 1589 natat
374 1526 502 1608 thynni,
528 1537 626 1588 tnntet
649 1525 719 1586 alba
742 1523 850 1586 fidelia
873 1526 977 1586 vino:

129 1633 243 1692 Labra
266 1651 377 1692 moves
399 1630 512 1691 tacitus
535 1625 733 1711 recutitaque
756 1627 885 1689 sabbata
909 1627 1022 1707 palles.

132 1736 229 1795 'l'une
252 1731 336 1816 nigri
358 1733 496 1794 lemures
520 1752 649 1814 ovoque
672 1731 812 1812 pericula
837 1741 955 1811 rupto:
1194 1732 1253 1795 185

131 1839 229 1898 Tunc
251 1837 387 1918 grandes
410 1833 495 1898 Galli
518 1845 641 1895 etcum
664 1831 761 1895 sistro
783 1834 868 1895 lusca
892 1836 1042 1896 sacerdos

131 1937 301 2001 Incusserc
325 1938 401 2000 deos
424 1935 569 1997 inflantes
597 1956 756 2016 cot-pora,
781 1936 893 1999 sinon

131 2041 338 2105 Praedictum
360 2050 410 2100 ter
432 2059 521 2099 mane
544 2049 638 2119 caput
662 2038 840 2123 gustaveris
863 2037 928 2101 alli.
952 2071 993 2081 -

131 2141 266 2206 Dixeris
289 2144 367 2202 baec
388 2139 469 2203 inter
492 2140 656 2203 varicosos
681 2141 901 2218 centuriones,

133 2244 299 2308 Continuo
323 2265 462 2305 crassum
486 2245 567 2304 ridet
589 2242 761 2305 Volsonius
783 2244 895 2327 ingens
1194 2247 1255 2309 190

133 2349 179 2408 Et
200 2358 324 2408 centum
349 2347 492 2408 Graecos
515 2356 608 2408 curto
631 2356 778 2408 centusse
800 2346 922 2412 licetur.

206 2490 265 2537 172.
294 2502 325 2536 =
351 2504 471 2536 accersor
497 2490 616 2535 TRSAM.
641 2511 674 2522 -
702 2505 822 2536 accersor
840 2495 871 2536 V.
928 2489 985 2538 173.
1006 2491 1147 2552 Supplicat]
1167 2495 1197 2538 11.
1218 2517 1255 2530 -

134 2562 258 2618 supplicet
289 2560 409 2606 TVESM.
457 2560 492 2604 lb.
518 2580 552 2591 —
579 2560 640 2603 illuc
666 2560 696 2604 R.
747 2559 805 2607 171.
832 2561 956 2620 Exierat]
988 2562 1068 2607 VEM.
1099 2583 1132 2595 -
1156 2565 1255 2610 exieris

134 2631 227 2674 Tusa,
271 2631 308 2674 lb.
327 2651 361 2664 —
379 2637 445 2673 nuuc
463 2642 529 2673 nunc
547 2629 689 2676 TRESAM.
734 2631 771 2676 lb.
792 2651 825 2664 -
843 2631 908 2690 quod
927 2647 967 2690 qu.
987 2633 1013 2676 S.
1054 2629 1111 2677 175.
1130 2648 1254 2692 -quem

133 2701 170 2742 M.
209 2697 268 2744 177.
287 2719 322 2732 -
340 2703 363 2742 et
383 2699 463 2759 sigila
481 2701 512 2742 V.
531 2719 566 2732 -
584 2704 608 2742 et
626 2712 686 2741 acer
707 2699 763 2759 ing.
783 2701 814 2744 T.
844 2700 1121 2760 179.quomu.1.a.
1149 2700 1255 2747 181.-

131 2768 256 2826 Disponit
284 2773 307 2812 et
329 2768 452 2828 pinguem
476 2769 507 2811 T.
535 2787 569 2800 -
592 2769 704 2828 pingues
728 2771 759 2813 Α.
809 2767 867 2814 182.
893 2789 926 2804 ·-
949 2769 1054 2814 rubrum
1076 2773 1210 2828 coinplexa
1227 2774 1253 2818 S.

135 2835 196 2881 183.
224 2861 255 2870 -
282 2836 353 2880 rubet
369 2839 399 2883 11.
418 2850 538 2892 superscr.
560 2841 645 2885 tumet.
665 2858 700 2870 -
717 2839 786 2882 timet
804 2839 835 2886 T.
881 2840 917 2883 lb.
937 2861 972 2872 -
990 2841 1057 2882 almo
1078 2840 1107 2888 Ε.
1135 2838 1168 2898 (v.
1195 2839 1253 2887 181.

132 2913 188 2962 post
204 2921 229 2950 v.
251 2904 309 2950 185.
326 2906 371 2964 V.)
421 2904 479 2954 181.
500 2927 534 2939 -
551 2906 706 2965 recitataque
724 2911 755 2953 V.
802 2905 859 2954 185.
881 2908 945 2953 Tum
960 2909 1038 2956 EAM.
1078 2910 1113 2954 lb.
1134 2931 1170 2944 ·-
1190 2910 1254 2956 Tum

132 2990 176 3036 gr.
202 2975 283 3019 EAM.
337 2975 374 3019 lb.
394 2999 427 3008 -
445 2976 499 3020 Iarn
517 2976 594 3034 gr.'1'.
657 2975 715 3021 188.
736 3000 769 3012 -
787 2979 832 3022 tibi
852 2993 925 3022 mnne
942 2979 972 3022 T.
1006 3000 1031 3011 -
1056 2985 1095 3022 est
1121 2995 1193 3025 tuane
1221 2984 1253 3027 V.

133 3047 170 3090 lb.
191 3065 227 3078 ·-
244 3046 386 3105 gestaveris
407 3046 486 3089 allum
511 3047 542 3089 V.
594 3043 652 3091 189.
673 3066 707 3078 -
723 3045 769 3090 ltoc
784 3049 876 3092 TRVS.
930 3046 987 3093 190.
1008 3071 1043 3084 -
1062 3045 1209 3107 Volsennius
1226 3053 1252 3096 S.

133 3134 166 3149 ···
186 3112 380 3172 Valsenniusd.
401 3136 436 3148 -
450 3111 599 3174 Fulseunius
620 3118 651 3159 V.
673 3135 704 3148 -·
723 3114 874 3162 Fuloennius
892 3119 921 3163 E.
942 3138 976 3149 -·
993 3116 1147 3176 Fulplrsnius
1168 3123 1198 3166 T.
1219 3141 1254 3156 -

132 3182 274 3228 Faeceniae
292 3185 321 3227 R.
368 3185 476 3237 Utnos,
496 3186 532 3229 M.
573 3182 630 3229 191.
651 3205 685 3216 ·-
703 3199 751 3230 uno
769 3193 884 3231 centusse
902 3189 930 3232 F.

208 3325 265 3372 172.
290 3341 321 3370 ne
344 3341 410 3371 nuuc
434 3328 477 3371 rP.
524 3327 561 3372 lb.
581 3341 700 3372 accersor
726 3344 748 3372 r.
775 3349 809 3362 —
834 3344 952 3375 arcessar
969 3331 1000 3374 P.
1049 3328 1106 3376 173.
1127 3330 1256 3388 Supplicet

135 3397 236 3453 pwPW.
283 3393 341 3440 171.
361 3410 473 3440 nonime
491 3411 512 3440 r.
561 3395 618 3441 182.
638 3397 771 3443 Portantss
789 3398 894 3443 nebatlas
912 3414 934 3444 r.
979 3397 1037 3447 186.
1056 3397 1122 3443 Hinc
1141 3399 1254 3460 grandes

134 3482 155 3510 r.
196 3462 255 3511 190.
276 3461 409 3523 Valsenius
428 3467 543 3520 rpwPW.
613 3475 618 3486 '

135 3559 283 3571 ffl—

206 3607 265 3655 177.
287 3608 372 3670 Vigila
396 3616 419 3654 et
446 3609 523 3670 cicer]
548 3611 621 3656 Ludis
649 3612 786 3655 Floralibus
805 3611 884 3654 omnia
909 3611 999 3654 semina
1026 3611 1199 3668 spargebantur
1230 3613 1253 3656 in

135 3683 264 3735 populum,
294 3685 319 3722 ut
334 3681 418 3725 Tellus
439 3683 503 3724 velut
523 3682 661 3726 inuueribus
680 3682 730 3725 suis
748 3682 893 3736 placaretur.
932 3678 991 3724 180.
1012 3681 1120 3724 Herodes
1135 3683 1196 3734 apud
1215 3682 1253 3725 lu-

134 3752 207 3796 daeos
225 3751 334 3808 regnarit
350 3751 497 3805 temporibus
524 3752 638 3810 Augusti,
672 3753 694 3794 in
714 3752 822 3806 partibus
838 3751 930 3803 Syriae.
970 3750 1098 3793 llerodiani
1116 3763 1174 3807 ergo
1191 3751 1254 3794 diem

134 3823 236 3864 natatem
255 3819 357 3862 Herodis
374 3820 515 3873 ohseruant,
548 3827 573 3865 ut
591 3822 662 3865 etiam
683 3820 800 3864 sabbata:
832 3833 878 3875 quo
903 3820 939 3863 die
966 3821 1074 3863 lucernas
1099 3833 1213 3864 accensas
1231 3826 1255 3865 et

133 3889 203 3933 violis
230 3893 357 3932 coronatas
383 3889 407 3932 in
437 3888 550 3934 fenestris
577 3895 675 3946 pontini.
725 3886 784 3933 181.
809 3887 968 3946 Recutitaqus
994 3886 1111 3947 sabbata]
1145 3889 1255 3934 instituta

133 3959 276 4002 ludaeorum
302 3955 434 4016 significat,
466 3965 564 4014 propter
582 3959 807 4004 circumcisionem:
837 3971 921 4014 quatu,
946 3963 1056 4001 ariolores
1081 3971 1137 4001 suos
1157 3961 1251 4014 secuti,

134 4029 229 4072 iaciunt.
271 4024 329 4070 185.
350 4025 446 4086 Oeoque
472 4030 587 4086 pericula
606 4027 689 4086 rupto]
732 4028 889 4081 Sacerdotes,
919 4027 957 4083 qui
972 4028 1125 4082 explorandis
1141 4030 1254 4082 periculis

134 4097 352 4150 sacra1uciebant,
385 4096 516 4142 observare
542 4099 652 4142 solebant
676 4111 746 4142 otum
770 4097 819 4156 igni
841 4097 992 4151 impositum,
1025 4101 1105 4140 utrum
1131 4098 1155 4141 in
1177 4101 1252 4154 capite

133 4181 162 4210 an
188 4168 211 4210 in
234 4168 309 4211 latere
330 4168 466 4211 desudaret.
504 4167 529 4212 st
549 4173 626 4213 utilem
643 4172 737 4221 raptum
763 4167 905 4220 effluxerat,
931 4166 1063 4220 periculum
1083 4168 1104 4210 ei
1125 4169 1253 4220 portende-

134 4237 190 4289 bat,
212 4249 257 4292 pro
276 4249 322 4292 qno
340 4236 430 4280 iactum
448 4237 540 4291 fuerat,
560 4239 596 4281 vel
616 4240 651 4281 rei
672 4237 786 4282 familiari
806 4237 868 4281 eius.
907 4232 964 4279 186.
986 4235 1096 4280 Sistrum
1114 4238 1252 4280 sacerdotes

135 4305 204 4350 laidis
225 4310 329 4360 portant.
366 4304 450 4349 Lusca
468 4311 560 4360 autern,
580 4308 632 4350 ideo
654 4310 716 4364 quod
739 4306 831 4349 nubiles
853 4304 982 4359 deformes,
1002 4319 1073 4362 quom
1091 4305 1251 4349 ruaritosusu

136 4376 284 4428 invenerint,
304 4375 333 4418 ad
352 4375 485 4420 ministeria
505 4377 603 4420 deorum
622 4389 648 4419 se
666 4375 798 4421 conferant.
