2946 4816
107 417 283 492 „Nondum
306 411 410 492 scitis,
435 413 497 492 ait,
521 405 742 479 mortem‘non
765 433 862 497 posse
885 414 1023 500 negari?

173 517 384 582 Credideram
406 517 482 580 satis
504 519 568 581 hoc
589 538 650 580 vos
672 517 823 581 docuisse
844 518 1002 599 palrcm.'’

108 617 202 683 Dixit
224 629 255 682 et
278 622 427 681 ardentes
448 619 544 683 avido
565 618 650 682 bibit
671 610 900 684 ore'favillas:

172 721 190 784 l
213 741 297 784 nunc
317 732 349 785 et
369 720 510 796 ferrum,
534 723 627 785 turba
650 722 804 798 molesta,
828 725 929 806 negal

375 871 507 936 XLVI·
549 868 727 934 Eiusdem.
763 869 821 949 (L.
844 869 877 934 9.
903 870 971 951 78.)

109 979 247 1045 Aestivo
270 1001 380 1044 serves
400 978 454 1043 ubi
476 979 596 1062 piscem
620 991 782 1062 tempore,
807 979 957 1065 quaeris?

172 1082 212 1147 In
234 1081 366 1146 thermis
388 1102 501 1159 serva,
527 1081 728 1161 caeciliane,
753 1083 828 1148 tuis.
1023 1079 1026 1084 ’

359 1232 509 1298 xcvu.
549 1229 729 1296 sanaem.
767 1234 825 1314 (n.
849 1233 881 1298 a.
905 1234 975 1314 90.)

110 1339 449 1425 Quintiliane‚svagae
472 1343 659 1406 moderator
680 1363 800 1408 summe
821 1343 989 1422 iuventae,

120 1475 123 1482 f
174 1442 289 1507 Gloria
312 1444 494 1520 Romanae,
521 1441 737 1523 Quintiliane,
761 1456 882 1529 togae:

109 1544 235 1609 Vivere
257 1545 345 1627 quod
365 1564 509 1627 propero
532 1565 655 1629 pauper
677 1567 736 1610 nec
757 1546 876 1611 inutilis
898 1547 1004 1627 aunis,

172 1648 225 1712 Da
247 1646 393 1720 veniame
418 1658 575 1728 properat
596 1646 709 1712 vivere
730 1669 826 1713 nemo
848 1649 938 1713 satis.

108 1745 249 1815 Differat
271 1750 353 1825 hoc,
378 1747 500 1830 patrios
524 1758 616 1832 optat
637 1749 692 1834 qui
714 1749 843 1815 vincere
865 1772 979 1817 census

173 1851 333 1935 Atriaque
354 1848 533 1915 immodicis
556 1863 637 1914 artat
658 1852 863 1938 imaginibus.

109 1955 169 2018 Me
190 1952 285 2018 socrus
308 1963 340 2015 et
362 1951 474 2036 nigros
496 1973 560 2018 non
582 1952 779 2038 indignantia
801 1957 908 2020 snmus

175 2056 278 2117 'l'ecta
297 2054 406 2117 iuvant
429 2067 460 2118 et
480 2054 556 2120 lons
580 2055 671 2119 vivus
694 2069 725 2120 et
747 2060 845 2122 herba
869 2059 969 2124 rudis.

110 2154 159 2219 Sit
182 2155 256 2234 mihi
278 2177 377 2220 verna
398 2167 507 2232 satur,
531 2156 658 2222 sitnon
681 2159 861 2224 doctissima
885 2161 1023 2226 coniux:

172 2259 223 2323 Sit
243 2279 310 2323 nox
332 2279 402 2322 cum
424 2280 563 2337 somno,
587 2259 627 2324 sit
648 2260 714 2325 sine
737 2261 791 2327 lite
814 2263 893 2328 dies.

364 2414 533 2479 XLVIII·
574 2412 754 2480 Eiusdem.
790 2417 847 2495 (L.
871 2417 904 2481 3.
928 2416 976 2494 §tl
1046 2424 1049 2432 '

110 2522 304 2588 Versiculos
324 2521 356 2586 in
379 2544 428 2587 me
450 2534 599 2588 narratur
620 2526 761 2590 scribere
784 2525 913 2592 Cinna:

173 2627 251 2690 Non
272 2623 404 2704 scribit,
428 2625 516 2690 errius
538 2626 678 2691 carmina
700 2650 795 2694 nemo
816 2630 911 2714 legit.
950 2644 955 2656 ‘
1070 2651 1073 2659 ’

286 2778 290 2784 ’
373 2782 506 2846 XLIX.
546 2779 726 2845 Eiusdem.
765 2783 822 2862 (L.
846 2783 878 2847 4.
903 2783 974 2865 44.)

111 2888 175 2954 Hic
196 2901 245 2954 est
265 2889 439 2974 pampineis
463 2890 573 2957 viridis
596 2895 693 2956 modo
715 2893 857 2956 Vesvius
878 2894 1030 2960 umhrisa.

175 2994 345 3080 Presserat
366 2992 417 3056 hic
439 2993 582 3059 madidos
604 2993 721 3058 nobilis
743 3016 805 3058 uva
827 2997 929 3060 lacus.

111 3094 202 3157 Haec
223 3093 298 3179 iuga
321 3115 413 3176 quam
437 3096 544 3176 Nysae
566 3095 667 3160 colles
687 3096 763 3178 plus
785 3098 932 3170 Bacchus
955 3096 1094 3165 amavit:

172 3197 250 3260 Hoc
270 3216 371 3277 nuper
393 3197 499 3278 Satyri
520 3210 628 3261 monte
651 3200 768 3262 dedere
790 3201 923 3264 choros.

109 3300 203 3362 Haec
226 3298 364 3362 Veneris
386 3301 494 3374 sedes,
518 3301 762 3364 Lacedaemone
786 3301 910 3385 gratior
931 3300 996 3366 illi:
1065 3367 1067 3372 ,

174 3401 239 3464 Hic
259 3399 349 3464 locus
373 3401 538 3465 Herculeo
561 3401 688 3466 numine
710 3402 815 3472 clarus
838 3414 926 3466 erat:

111 3501 237 3568 Cuncta
260 3503 363 3566 iacent
384 3502 518 3566 flammis
540 3512 572 3566 et
593 3501 676 3567 tristi
698 3525 800 3567 mersa
824 3503 954 3568 favillat

175 3605 247 3668 Nee
269 3602 376 3688 superi
398 3604 518 3668 vellent
538 3605 602 3669 hoc
623 3604 751 3672 licuisse
776 3605 851 3671 sibi.

427 3765 471 3826 Ι..
505 3762 684 3827 Eiusdem.
729 3765 788 3841 (L.
811 3766 844 3828 1.
867 3764 915 3844 3.)

109 3872 315 3958 Argiletanas
338 3871 437 3936 mavis
460 3872 605 3937 habitare
627 3875 796 3952 tabernas,

174 3976 280 4055 Quom
305 3973 381 4051 tibi,
406 3995 507 4058 parve
529 3973 631 4052 liber,
654 3974 771 4038 scrinia
794 3986 1054 4043 nostrs'vacent.
1143 3979 1144 3986 '

108 4075 223 4141 Nescis
246 4071 327 4140 heu!
349 4077 451 4141 nescis
474 4076 623 4142 dominae
644 4077 770 4141 fastidia
793 4079 935 4143 Romae:

172 4176 281 4242 Crede
304 4177 400 4255 mihi,
424 4177 553 4243 nimium
575 4179 697 4243 Martia
718 4181 814 4242 turba
835 4177 930 4262 sapit.

107 4280 256 4346 Maiores
279 4301 432 4364 nusquam
452 4280 586 4360 ronchi,
610 4279 807 4365 iuvenesque
829 4275 985 4366 senesque

1210 3307 1229 3368 5

1211 4288 1232 4351 5
