2946 4816
225 191 288 258 252

168 375 171 382 ⁴
224 351 358 414 Laetum
381 343 575 426 hilaremque
596 337 698 417 diem,
722 359 762 404 ne
783 357 916 423 magnae
939 338 1052 422 gaudia
1074 359 1195 404 coenae

225 449 403 526 sentirent,
426 443 538 527 positis
561 445 601 505 ad
620 441 737 524 templa
761 451 793 504 et
814 441 953 524 compita
976 441 1090 505 mensis

224 550 446 633 Pervigilique
461 559 561 620 toro,
586 565 680 629 quiem
703 554 798 607 nocte
819 563 857 606 ac
878 543 947 606 lrrce
970 542 1123 607 iacentem

224 652 383 734 Septimus
404 649 522 712 interea
543 646 600 710 Sol
623 644 756 709 invenit.
800 643 946 708 Horrida
971 665 1046 707 sane

223 757 415 838 Aegyptus:
438 750 493 812 sed
513 746 661 821 lirxuria,
685 758 834 830 quiantum
857 745 928 825 ipse
951 745 1082 823 notavi,

224 858 367 922 Barbara
388 851 514 916 famoso
536 870 600 912 non
623 847 707 912 cedit
729 850 822 911 turba
850 847 1002 928 Canopo.

224 960 317 1023 Adde
341 956 428 1038 quod
451 950 604 1016 etfacilis
628 949 762 1013 victoria
786 952 824 1014 de
846 948 977 1012 madidis
999 959 1030 1011 ct

224 1057 348 1124 Blaesis
371 1066 466 1140 atque
489 1073 577 1118 mero
600 1051 819 1116 titubantibus.
863 1052 942 1116 Inde
964 1050 1109 1114 virorum

224 1163 362 1226 Saltatus
386 1156 481 1240 nigro
504 1154 650 1227 tibicine,
675 1152 906 1238 qtialiacnnque

223 1265 393 1347 Unguenta
417 1270 448 1321 et
470 1257 568 1322 liores
591 1257 768 1340 multaeque
791 1254 822 1316 in
843 1257 950 1320 fronte
973 1275 1134 1330 coronae3

222 1365 309 1430 Hinc
330 1361 467 1426 ieiunum
491 1358 611 1425 odium.
655 1359 720 1420 Sed
741 1355 845 1442 iurgia
868 1357 967 1439 prime
990 1377 1107 1422 souare

222 1463 386 1547 Incipiunt
407 1461 516 1525 animis
538 1459 740 1534 ardentibus;
755 1461 842 1538 ¹haee
864 1461 938 1522 tuba
960 1458 1063 1522 rixae.

222 1569 307 1635 Dein
330 1567 468 1629 clamore
490 1561 561 1646 pari
583 1561 786 1628 concurritur
809 1573 841 1624 et
863 1562 933 1625 vice
955 1562 1010 1627 teli

224 1667 334 1732 Saevit
355 1669 436 1729 uuida
459 1686 588 1728 manus:
610 1684 730 1746 palaeae
752 1662 821 1726 sine
844 1665 976 1727 volnere
999 1664 1117 1739 malae;

221 1770 292 1834 Vix
314 1769 535 1853 cuiquamaut
559 1765 636 1829 nulli
659 1776 728 1830 toto
751 1766 922 1829 certamine
946 1787 1038 1830 nasius

168 1919 171 1923 -
222 1873 368 1955 Integer.
414 1869 607 1950 Adspiceres
629 1867 689 1931 iam
712 1878 822 1931 cuncta
845 1889 905 1949 per
927 1867 1053 1950 agmina
1075 1867 1182 1932 voltus

221 1973 397 2045 Dimidios,
422 1970 499 2035 alias
521 1971 618 2034 facies
641 1982 673 2032 et
694 1969 810 2033 hiantia
835 1969 939 2051 ruptis
1034 2021 1038 2033 .

223 2081 305 2140 Ossa
330 2073 438 2157 genis,
465 2074 576 2155 plenos
600 2072 765 2154 nessiorum
789 2071 941 2154 sauguine
963 2091 1103 2154 pugnos.

221 2179 353 2240 Ludere
376 2199 410 2239 se
430 2177 563 2238 credunt
586 2173 646 2254 ipsi
670 2184 773 2236 tamen
796 2184 827 2234 et
849 2173 987 2252 pueriles

222 2280 387 2342 Eaerc'ere
410 2277 512 2351 acies,
538 2279 625 2359 quod
648 2275 731 2339 nulla
755 2277 909 2336 cadavera
932 2274 1068 2337 calcent.

222 2383 265 2444 Et
287 2402 362 2442 sane
385 2400 450 2462 quo
473 2389 520 2440 tot
544 2376 674 2439 rixantis
698 2376 780 2438 milia
804 2379 932 2451 turbae,

224 2481 260 2546 si
286 2482 393 2543 vivuat
416 2479 554 2543 omues?
579 2481 671 2562 Ergo
696 2478 801 2541 acrior
823 2478 958 2558 impetus
981 2489 1012 2540 et
1034 2477 1096 2540 iam

223 2586 306 2646 Saxa
329 2581 484 2644 inclinatis
507 2603 566 2663 per
587 2582 715 2642 brunum
739 2581 879 2660 quiaesita
904 2579 1029 2642 lacertis

222 2683 380 2767 Incipiunt
403 2695 555 2766 torquere
564 2727 573 2760 ,
599 2683 770 2745 domestica
792 2681 948 2744 seditione

292 2863 334 2912 43.
354 2865 413 2924 (pao
430 2879 456 2912 n.
479 2879 518 2909 ee.
538 2867 557 2909 1.
576 2864 687 2909 iacentes
705 2865 767 2919 ltup.
792 2861 869 2920 coni.)
915 2861 957 2910 dl.
977 2864 1091 2919 interea,
1110 2867 1165 2910 dum
1189 2865 1266 2912 feriae
1287 2869 1343 2914 illas

222 2935 384 2980 celebrentur.
422 2936 461 2978 sic
475 2934 611 2978 EGDEFG.
628 2935 767 2978 Aebaintre.
782 2933 907 2977 interdum
922 2935 952 2978 Α.
970 2931 1011 2990 (ex
1029 2937 1196 2991 correctione;
1217 2938 1285 2990 prius
1301 2938 1344 2984 baa

222 3005 307 3050 buerat
326 3005 375 3058 ipss
392 3017 485 3060 quinque
501 3004 607 3046 interea.
627 3003 720 3056 artior.)
741 3003 800 3058 llup.
822 3002 895 3046 Web.
916 3004 996 3046 Minus
1016 3008 1092 3047 tamen
1106 3009 1159 3059 apia
1177 3005 1272 3048 videtur
1285 3006 1345 3052 haee

222 3075 289 3130 qurusi
308 3073 425 3122 dubitatio
444 3075 472 3116 de
491 3071 567 3116 saeris
586 3073 664 3116 statis.
687 3093 716 3104 -
736 3070 849 3116 Horrida
866 3085 928 3116 auus
948 3085 1021 3128 usque
1041 3074 1070 3116 ad
1088 3086 1112 3118 v.
1131 3073 1297 3118 titubantibus
1315 3089 1342 3120 r.

223 3141 265 3202 {18-
286 3155 329 3195 pro
347 3141 436 3195 spuriis
457 3141 527 3185 babet
545 3142 686 3186 Franckius.
735 3138 786 3184 Nee
806 3141 857 3194 nil,
885 3154 962 3198 neque
980 3141 1066 3184 ararnio
1086 3138 1148 3185 boec
1175 3148 1252 3197 runt,
1278 3157 1347 3202 puae

221 3210 292 3254 dicit.
330 3211 410 3254 facile
433 3210 494 3253 enim
516 3210 607 3268 largior
628 3211 680 3254 uiro
701 3211 858 3268 sagacissimo
876 3211 1010 3254 iuvenalem
1029 3225 1104 3267 neque
1125 3212 1280 3270 iu'Aegypto
1299 3226 1345 3260 ezr

222 3281 328 3333 sutasse,
348 3293 407 3331 neo,
426 3281 487 3335 qnod
498 3293 540 3334 per
553 3293 578 3324 se
590 3280 748 3336 intelligitur,
762 3279 901 3324 interfuisse
914 3280 1012 3322 immani
1026 3280 1079 3325 buic
1093 3293 1184 3338 pugnae
1198 3293 1205 3336 ;
1225 3282 1268 3324 sed
1279 3282 1342 3332 nibi2

222 3351 325 3394 lotuiuus
347 3349 463 3406 genuinos
490 3352 574 3402 reputo
596 3361 679 3392 versus
699 3349 722 3392 in
751 3348 912 3402 suspicionem
932 3349 1054 3392 adductos.
1102 3349 1188 3406 Quidni
1209 3341 1277 3393 enirn*
1299 3365 1343 3405 per

222 3419 293 3463 uitam
312 3417 363 3467 fers
382 3417 558 3473 octogenariam
586 3418 659 3462 semel
681 3418 785 3461 invisere
805 3417 909 3471 potuerit
928 3415 1077 3474 Aegyptum,
1109 3418 1227 3475 coqueio
1252 3411 1343 3468 itinere

222 3489 344 3542 Canopum
364 3485 517 3530 Graecanicis
535 3486 627 3530 deliciis
645 3486 795 3537 affluentem,
817 3500 863 3528 nou
882 3499 934 3529 rum
953 3487 1011 3540 ipsis
1030 3488 1124 3542 quidem
1146 3487 1231 3532 Ombis
1247 3488 1343 3540 'renir-

221 3559 317 3614 risque,
349 3557 461 3599 sedeam
485 3556 539 3599 aliis
562 3557 621 3598 toris
643 3555 752 3599 barbaris
775 3556 874 3609 Canopo
903 3555 1057 3609 propioribus
1082 3569 1222 3610 comparare
1233 3555 1244 3598 'l
1276 3557 1343 3602 ilaec

221 3627 284 3670 enim
309 3629 344 3668 est
366 3625 469 3681 legitima
498 3625 630 3676 sententia,
662 3625 682 3668 si
707 3624 813 3667 cavillari
839 3623 912 3668 rerba
932 3625 1055 3669 nolimus:
1093 3625 1202 3677 „Parum
1219 3626 1284 3668 culta
1304 3630 1344 3676 est

221 3709 278 3738 sane
296 3694 374 3737 maior
392 3693 581 3750 begppiipars,
600 3693 666 3736 cuius
686 3694 777 3736 incolae
796 3695 900 3737 ainardum
919 3699 973 3736 suut
992 3693 1092 3737 Graecis
1111 3693 1217 3736 moribus
1237 3694 1341 3748 imbuti;

221 3765 285 3820 prrod
304 3768 380 3807 tarrien
399 3763 429 3804 ad
448 3763 568 3817 epularum
588 3761 706 3806 luxuriem
725 3762 821 3815 attinet,
843 3767 956 3818 quesitum
970 3762 1020 3817 ipse
1034 3763 1341 3818 aliquandoaniinadrerti,

221 3833 347 3889 indigenae
370 3831 414 3885 ipsi
443 3845 490 3874 non
520 3832 606 3875 cedunt
626 3832 662 3876 vol
687 3830 826 3883 Cauobitis,
857 3831 895 3888 quii
916 3833 1099 3875 transmarinam
1119 3831 1259 3888 elegantiam
1278 3833 1342 3876 vitae

221 3903 352 3945 dissolutae
383 3901 483 3944 miseere
512 3900 671 3944 didicerunt.”
711 3901 847 3944 Monastico
866 3905 930 3944 certe
950 3902 1031 3945 colore
1049 3901 1146 3944 unissima
1166 3890 1286 3954 deturpari
1307 3901 1344 3954 ri·

222 3971 307 4012 denitur
326 3983 349 4012 v.
370 3965 412 4013 ti.
432 3973 455 4012 et
475 3967 534 4016 48st
556 3972 602 4012 iuro
623 3983 665 4023 pro
684 3983 738 4014 rnen
757 3971 851 4026 quidem
869 3983 940 4013 seusu
959 3969 1070 4012 iniurium
1089 3969 1144 4012 illud
1164 3967 1248 4011 odium
1262 3971 1344 4026 tiranni

222 4038 304 4082 nenio
328 4038 383 4092 quid
411 4042 434 4081 el
461 4037 592 4093 isuper-secli
630 4039 743 4092 babebit,
787 4040 831 4082 nisi
873 4039 1023 4083 Ombitaruin
1060 4039 1207 4096 tuadidorum
1246 4037 1344 4082 blaeso.

221 4119 321 4160 rirrnque
352 4106 459 4159 stupidae
486 4107 594 4152 ebrietati
625 4113 767 4163 opponatur.
828 4108 896 4162 Quod
926 4121 983 4150 vero
1014 4108 1122 4162 queritur
1148 4107 1295 4152 Fraucltius,
1313 4109 1343 4152 de

221 4174 367 4221 rarsi-rationis
382 4179 469 4232 *tenore
489 4177 576 4232 iniret-e
595 4176 743 4230 interrupto,
775 4175 1048 4234 interrupisse[debemus
1073 4169 1202 4237 iu'quavis
1223 4165 1344 4220 lurerralis

222 4243 299 4288 Satira
318 4243 451 4286 huiusmodi
470 4245 572 4299 reperiri
592 4243 754 4300 deverticulo,
766 4250 800 4296 ,nt
818 4247 868 4300 ipse
888 4245 955 4300 pluite
974 4245 1105 4306 gemellam·
1120 4245 1223 4306 appellat
1242 4246 1344 4304 degres-
