<?xml version="1.0" encoding="UTF-8"?>
<!DOCTYPE html PUBLIC "-//W3C//DTD XHTML 1.0 Transitional//EN"
    "http://www.w3.org/TR/xhtml1/DTD/xhtml1-transitional.dtd">
<html xmlns="http://www.w3.org/1999/xhtml" xml:lang="en" lang="en">
 <head>
  <title>
</title>
<meta http-equiv="Content-Type" content="text/html;charset=utf-8" />
  <meta name='ocr-system' content='tesseract 3.04.00' />
  <meta name='ocr-capabilities' content='ocr_page ocr_carea ocr_par ocr_line ocrx_word'/>
</head>
<body>
  <div class='ocr_page' id='page_1' title='image "./eclogaepoetarum01orelgoog_0298.png"; bbox 0 0 2946 4816; ppageno 0'>
   <div class='ocr_carea' id='block_1_1' title="bbox 113 365 989 660">
    <p class='ocr_par' dir='ltr' id='par_1_1' title="bbox 113 365 989 660">
     <span class='ocr_line' id='line_1_1' title="bbox 178 365 930 463; baseline 0.001 -29"><span class='ocrx_word' id='word_1_1' title='bbox 178 373 284 447; x_wconf 88' lang='lat' dir='ltr'><strong>Sunl,</strong></span> <span class='ocrx_word' id='word_1_2' title='bbox 306 371 435 463; x_wconf 68' lang='lat' dir='ltr'><strong>faleor:=</strong></span> <span class='ocrx_word' id='word_1_3' title='bbox 457 369 561 435; x_wconf 84' lang='lat' dir='ltr'><strong>medio</strong></span> <span class='ocrx_word' id='word_1_4' title='bbox 584 366 769 452; x_wconf 77' lang='lat' dir='ltr'><strong>aeripeimua</strong></span> <span class='ocrx_word' id='word_1_5' title='bbox 792 365 843 434; x_wconf 90' lang='lat' dir='ltr'><strong>illa</strong></span> <span class='ocrx_word' id='word_1_6' title='bbox 866 367 930 436; x_wconf 79' lang='lat' dir='ltr'><strong>uie.</strong></span> 
     </span>
     <span class='ocr_line' id='line_1_2' title="bbox 113 471 989 556; baseline -0.001 -19"><span class='ocrx_word' id='word_1_7' title='bbox 113 476 168 538; x_wconf 91' lang='lat' dir='ltr'><strong>Tu</strong></span> <span class='ocrx_word' id='word_1_8' title='bbox 190 475 329 537; x_wconf 77' lang='lat' dir='ltr'><strong>latebras</strong></span> <span class='ocrx_word' id='word_1_9' title='bbox 351 477 511 538; x_wconf 73' lang='lat' dir='ltr'><strong>obscurus</strong></span> <span class='ocrx_word' id='word_1_10' title='bbox 534 494 641 551; x_wconf 81' lang='lat' dir='ltr'><strong>amaa,</strong></span> <span class='ocrx_word' id='word_1_11' title='bbox 667 473 739 556; x_wconf 89' lang='lat' dir='ltr'><strong>quia</strong></span> <span class='ocrx_word' id='word_1_12' title='bbox 762 471 878 535; x_wconf 90' lang='lat' dir='ltr'><strong>lumine</strong></span> <span class='ocrx_word' id='word_1_13' title='bbox 902 471 989 537; x_wconf 91' lang='lat' dir='ltr'><strong>nullo</strong></span> 
     </span>
     <span class='ocr_line' id='line_1_3' title="bbox 177 575 902 660; baseline -0.006 -19"><span class='ocrx_word' id='word_1_14' title='bbox 177 578 286 660; x_wconf 86' lang='lat' dir='ltr'><strong>Alque</strong></span> <span class='ocrx_word' id='word_1_15' title='bbox 308 575 496 660; x_wconf 75' lang='lat' dir='ltr'><strong>intempesta</strong></span> <span class='ocrx_word' id='word_1_16' title='bbox 518 577 661 640; x_wconf 78' lang='lat' dir='ltr'><strong>seribere</strong></span> <span class='ocrx_word' id='word_1_17' title='bbox 684 586 780 639; x_wconf 70' lang='lat' dir='ltr'><strong>noete</strong></span> <span class='ocrx_word' id='word_1_18' title='bbox 802 575 902 638; x_wconf 82' lang='lat' dir='ltr'><strong>soles.</strong></span> 
     </span>
    </p>
   </div>
   <div class='ocr_carea' id='block_1_2' title="bbox 269 731 1094 811">
    <p class='ocr_par' dir='ltr' id='par_1_2' title="bbox 269 731 1094 811">
     <span class='ocr_line' id='line_1_4' title="bbox 269 731 1094 811; baseline -0.008 -13"><span class='ocrx_word' id='word_1_19' title='bbox 269 736 402 799; x_wconf 79' lang='lat' dir='ltr'><strong>CVIII.</strong></span> <span class='ocrx_word' id='word_1_20' title='bbox 445 731 625 798; x_wconf 75' lang='lat' dir='ltr'><strong>Eiusdem.</strong></span> <span class='ocrx_word' id='word_1_21' title='bbox 673 731 850 796; x_wconf 78' lang='lat' dir='ltr'><strong>Venetiae.</strong></span> <span class='ocrx_word' id='word_1_22' title='bbox 884 732 943 811; x_wconf 88' lang='lat' dir='ltr'><strong>(L.</strong></span> <span class='ocrx_word' id='word_1_23' title='bbox 968 734 999 794; x_wconf 98' lang='grc'><em>1.</em></span> <span class='ocrx_word' id='word_1_24' title='bbox 1025 731 1094 811; x_wconf 79' lang='grc'><strong>36.)</strong></span> 
     </span>
    </p>
   </div>
   <div class='ocr_carea' id='block_1_3' title="bbox 112 842 1240 1433">
    <p class='ocr_par' dir='ltr' id='par_1_3' title="bbox 113 842 996 1032">
     <span class='ocr_line' id='line_1_5' title="bbox 113 842 996 923; baseline -0.007 -13"><span class='ocrx_word' id='word_1_25' title='bbox 113 845 256 910; x_wconf 76' lang='lat' dir='ltr'><strong>Virleral</strong></span> <span class='ocrx_word' id='word_1_26' title='bbox 277 842 450 908; x_wconf 85' lang='lat' dir='ltr'><strong>Hadriacis</strong></span> <span class='ocrx_word' id='word_1_27' title='bbox 473 845 632 907; x_wconf 81' lang='lat' dir='ltr'><strong>Venetam</strong></span> <span class='ocrx_word' id='word_1_28' title='bbox 658 843 827 923; x_wconf 85' lang='lat' dir='ltr'><strong>Nepluuus</strong></span> <span class='ocrx_word' id='word_1_29' title='bbox 851 842 882 904; x_wconf 90' lang='lat' dir='ltr'><strong>in</strong></span> <span class='ocrx_word' id='word_1_30' title='bbox 906 843 996 905; x_wconf 81' lang='lat' dir='ltr'><strong>undis</strong></span> 
     </span>
     <span class='ocr_line' id='line_1_6' title="bbox 178 943 911 1032; baseline -0.004 -23"><span class='ocrx_word' id='word_1_31' title='bbox 178 949 270 1010; x_wconf 77' lang='lat' dir='ltr'><strong>Stare</strong></span> <span class='ocrx_word' id='word_1_32' title='bbox 292 947 403 1009; x_wconf 86' lang='lat' dir='ltr'><strong>urbem</strong></span> <span class='ocrx_word' id='word_1_33' title='bbox 427 955 458 1032; x_wconf 69' lang='lat' dir='ltr'><strong>el</strong></span> <span class='ocrx_word' id='word_1_34' title='bbox 479 955 551 1008; x_wconf 82' lang='lat' dir='ltr'><strong>toto</strong></span> <span class='ocrx_word' id='word_1_35' title='bbox 573 965 696 1025; x_wconf 87' lang='lat' dir='ltr'><strong>ponere</strong></span> <span class='ocrx_word' id='word_1_36' title='bbox 718 944 785 1006; x_wconf 87' lang='lat' dir='ltr'><strong>iura</strong></span> <span class='ocrx_word' id='word_1_37' title='bbox 810 943 911 1008; x_wconf 82' lang='lat' dir='ltr'><strong>mari:</strong></span> 
     </span>
    </p>

    <p class='ocr_par' dir='ltr' id='par_1_4' title="bbox 112 1045 1070 1222">
     <span class='ocr_line' id='line_1_7' title="bbox 112 1045 1070 1130; baseline -0.002 -20"><span class='ocrx_word' id='word_1_38' title='bbox 112 1050 234 1123; x_wconf 84' lang='lat' dir='ltr'><strong>„Nune</strong></span> <span class='ocrx_word' id='word_1_39' title='bbox 257 1046 332 1109; x_wconf 80' lang='lat' dir='ltr'><strong>milri</strong></span> <span class='ocrx_word' id='word_1_40' title='bbox 355 1045 512 1128; x_wconf 79' lang='lat' dir='ltr'><strong>Tarpeias</strong></span> <span class='ocrx_word' id='word_1_41' title='bbox 536 1045 758 1130; x_wconf 81' lang='lat' dir='ltr'><strong>quaulumvis,</strong></span> <span class='ocrx_word' id='word_1_42' title='bbox 784 1045 953 1128; x_wconf 81' lang='lat' dir='ltr'><strong>Iuppiler,</strong></span> <span class='ocrx_word' id='word_1_43' title='bbox 979 1067 1070 1110; x_wconf 82' lang='lat' dir='ltr'><strong>arces</strong></span> 
     </span>
     <span class='ocr_line' id='line_1_8' title="bbox 181 1145 906 1222; baseline -0.004 -10"><span class='ocrx_word' id='word_1_44' title='bbox 181 1148 295 1212; x_wconf 88' lang='lat' dir='ltr'><strong>Obiice</strong></span> <span class='ocrx_word' id='word_1_45' title='bbox 318 1159 349 1211; x_wconf 89' lang='lat' dir='ltr'><strong>et</strong></span> <span class='ocrx_word' id='word_1_46' title='bbox 371 1147 423 1210; x_wconf 88' lang='lat' dir='ltr'><strong>illa</strong></span> <span class='ocrx_word' id='word_1_47' title='bbox 448 1147 492 1209; x_wconf 90' lang='lat' dir='ltr'><strong>lui</strong></span> <span class='ocrx_word' id='word_1_48' title='bbox 515 1147 638 1210; x_wconf 88' lang='lat' dir='ltr'><strong>moenia</strong></span> <span class='ocrx_word' id='word_1_49' title='bbox 662 1145 826 1222; x_wconf 80' lang='lat' dir='ltr'><strong>Marus,’&#39;</strong></span> <span class='ocrx_word' id='word_1_50' title='bbox 850 1146 906 1209; x_wconf 81' lang='lat' dir='ltr'><strong>ait.</strong></span> 
     </span>
    </p>

    <p class='ocr_par' dir='ltr' id='par_1_5' title="bbox 112 1247 1240 1433">
     <span class='ocr_line' id='line_1_9' title="bbox 112 1247 1240 1332; baseline 0.001 -20"><span class='ocrx_word' id='word_1_51' title='bbox 112 1251 173 1327; x_wconf 90' lang='lat' dir='ltr'><strong>„Si</strong></span> <span class='ocrx_word' id='word_1_52' title='bbox 196 1252 322 1332; x_wconf 85' lang='lat' dir='ltr'><strong>Pelago</strong></span> <span class='ocrx_word' id='word_1_53' title='bbox 347 1249 470 1312; x_wconf 83' lang='lat' dir='ltr'>Tibrim</span> <span class='ocrx_word' id='word_1_54' title='bbox 494 1247 660 1330; x_wconf 81' lang='lat' dir='ltr'><strong>praefers,</strong></span> <span class='ocrx_word' id='word_1_55' title='bbox 686 1250 795 1311; x_wconf 85' lang='lat' dir='ltr'><strong>urbem</strong></span> <span class='ocrx_word' id='word_1_56' title='bbox 820 1247 925 1330; x_wconf 79' lang='lat' dir='ltr'>aspice</span> <span class='ocrx_word' id='word_1_57' title='bbox 949 1260 1140 1332; x_wconf 83' lang='lat' dir='ltr'><strong>ulnamque:</strong></span> <span class='ocrx_word' id='word_1_58' title='bbox 1220 1252 1240 1313; x_wconf 82' lang='lat'>5</span> 
     </span>
     <span class='ocr_line' id='line_1_10' title="bbox 178 1349 975 1433; baseline -0.003 -19"><span class='ocrx_word' id='word_1_59' title='bbox 178 1352 270 1414; x_wconf 88' lang='lat' dir='ltr'><strong>Illam</strong></span> <span class='ocrx_word' id='word_1_60' title='bbox 294 1350 439 1414; x_wconf 80' lang='lat' dir='ltr'><strong>homines</strong></span> <span class='ocrx_word' id='word_1_61' title='bbox 463 1351 569 1427; x_wconf 85' lang='lat' dir='ltr'><strong>dices,</strong></span> <span class='ocrx_word' id='word_1_62' title='bbox 594 1350 676 1412; x_wconf 84' lang='lat' dir='ltr'><strong>hane</strong></span> <span class='ocrx_word' id='word_1_63' title='bbox 698 1349 844 1433; x_wconf 79' lang='lat' dir='ltr'>posuisse</span> <span class='ocrx_word' id='word_1_64' title='bbox 858 1349 975 1416; x_wconf 74' lang='lat' dir='ltr'><strong>&#39;deoe&#39;&#39;</strong></span> 
     </span>
    </p>
   </div>
   <div class='ocr_carea' id='block_1_4' title="bbox 155 1506 1195 1584">
    <p class='ocr_par' dir='ltr' id='par_1_6' title="bbox 155 1506 1195 1584">
     <span class='ocr_line' id='line_1_11' title="bbox 155 1506 1195 1584; baseline -0.003 -11"><span class='ocrx_word' id='word_1_65' title='bbox 155 1511 250 1574; x_wconf 85' lang='lat' dir='ltr'><strong><em>CIX.</em></strong></span> <span class='ocrx_word' id='word_1_66' title='bbox 294 1507 475 1572; x_wconf 73' lang='lat' dir='ltr'><strong>Eiusdem.</strong></span> <span class='ocrx_word' id='word_1_67' title='bbox 519 1509 562 1573; x_wconf 86' lang='lat' dir='ltr'><strong>In</strong></span> <span class='ocrx_word' id='word_1_68' title='bbox 582 1509 754 1570; x_wconf 82' lang='lat' dir='ltr'><strong>tumulum</strong></span> <span class='ocrx_word' id='word_1_69' title='bbox 778 1506 950 1570; x_wconf 77' lang='lat' dir='ltr'><strong><em>Neaerae.</em></strong></span> <span class='ocrx_word' id='word_1_70' title='bbox 989 1509 1045 1584; x_wconf 90' lang='lat' dir='ltr'><strong>(L.</strong></span> <span class='ocrx_word' id='word_1_71' title='bbox 1071 1509 1102 1570; x_wconf 91' lang='grc'><em>1.</em></span> <span class='ocrx_word' id='word_1_72' title='bbox 1128 1509 1195 1584; x_wconf 67' lang='lat' dir='ltr'><strong>ll.)</strong></span> 
     </span>
    </p>
   </div>
   <div class='ocr_carea' id='block_1_5' title="bbox 112 1616 1239 2210">
    <p class='ocr_par' dir='ltr' id='par_1_7' title="bbox 115 1616 1193 1801">
     <span class='ocr_line' id='line_1_12' title="bbox 115 1616 1193 1700; baseline 0 -18"><span class='ocrx_word' id='word_1_73' title='bbox 115 1619 207 1700; x_wconf 81' lang='lat' dir='ltr'><strong>Quae</strong></span> <span class='ocrx_word' id='word_1_74' title='bbox 230 1617 353 1682; x_wconf 82' lang='lat' dir='ltr'><strong>voees?</strong></span> <span class='ocrx_word' id='word_1_75' title='bbox 377 1617 559 1682; x_wconf 88' lang='lat' dir='ltr'><strong>Charitum.</strong></span> <span class='ocrx_word' id='word_1_76' title='bbox 605 1619 697 1698; x_wconf 86' lang='lat' dir='ltr'><strong>Quae</strong></span> <span class='ocrx_word' id='word_1_77' title='bbox 719 1616 838 1680; x_wconf 80' lang='lat' dir='ltr'><strong>circum</strong></span> <span class='ocrx_word' id='word_1_78' title='bbox 860 1617 1004 1698; x_wconf 84' lang='lat' dir='ltr'><strong>pompa?</strong></span> <span class='ocrx_word' id='word_1_79' title='bbox 1035 1621 1193 1682; x_wconf 77' lang='lat' dir='ltr'><strong>Neaerae.</strong></span> 
     </span>
     <span class='ocr_line' id='line_1_13' title="bbox 177 1717 1115 1801; baseline -0.001 -18"><span class='ocrx_word' id='word_1_80' title='bbox 177 1723 270 1784; x_wconf 86' lang='lat' dir='ltr'><strong>Unde</strong></span> <span class='ocrx_word' id='word_1_81' title='bbox 294 1722 378 1783; x_wconf 85' lang='lat' dir='ltr'><strong>odor</strong></span> <span class='ocrx_word' id='word_1_82' title='bbox 398 1718 476 1782; x_wconf 81' lang='lat' dir='ltr'><strong>hio?</strong></span> <span class='ocrx_word' id='word_1_83' title='bbox 499 1717 610 1783; x_wconf 85' lang='lat' dir='ltr'><strong>Ciueri</strong></span> <span class='ocrx_word' id='word_1_84' title='bbox 631 1720 725 1782; x_wconf 82' lang='lat' dir='ltr'><strong>thura</strong></span> <span class='ocrx_word' id='word_1_85' title='bbox 750 1718 905 1801; x_wconf 82' lang='lat' dir='ltr'><strong>miuielral</strong></span> <span class='ocrx_word' id='word_1_86' title='bbox 928 1721 1046 1784; x_wconf 80' lang='lat' dir='ltr'><strong>Aruor.</strong></span> <span class='ocrx_word' id='word_1_87' title='bbox 1114 1743 1115 1748; x_wconf 49' lang='lat'>¹</span> 
     </span>
    </p>

    <p class='ocr_par' dir='ltr' id='par_1_8' title="bbox 113 1819 1154 2006">
     <span class='ocr_line' id='line_1_14' title="bbox 113 1819 1154 1904; baseline -0.001 -18"><span class='ocrx_word' id='word_1_88' title='bbox 113 1821 208 1886; x_wconf 87' lang='lat' dir='ltr'><strong>Unde</strong></span> <span class='ocrx_word' id='word_1_89' title='bbox 230 1819 335 1902; x_wconf 84' lang='lat' dir='ltr'><strong>pyra?</strong></span> <span class='ocrx_word' id='word_1_90' title='bbox 357 1823 409 1884; x_wconf 86' lang='lat' dir='ltr'><strong>Ex</strong></span> <span class='ocrx_word' id='word_1_91' title='bbox 431 1821 597 1902; x_wconf 76' lang='lat' dir='ltr'><strong>pharetra.</strong></span> <span class='ocrx_word' id='word_1_92' title='bbox 641 1820 776 1900; x_wconf 83' lang='lat' dir='ltr'><strong>Quinam</strong></span> <span class='ocrx_word' id='word_1_93' title='bbox 799 1819 970 1883; x_wconf 82' lang='lat' dir='ltr'><strong>olruxere?</strong></span> <span class='ocrx_word' id='word_1_94' title='bbox 993 1824 1154 1904; x_wconf 79' lang='lat' dir='ltr'><strong>Lepores.</strong></span> 
     </span>
     <span class='ocr_line' id='line_1_15' title="bbox 177 1915 1031 2006; baseline 0.001 -20"><span class='ocrx_word' id='word_1_95' title='bbox 177 1925 242 1986; x_wconf 77' lang='lat' dir='ltr'><strong>Ast</strong></span> <span class='ocrx_word' id='word_1_96' title='bbox 263 1924 342 1984; x_wconf 83' lang='lat' dir='ltr'><strong>haee</strong></span> <span class='ocrx_word' id='word_1_97' title='bbox 363 1921 555 1998; x_wconf 76' lang='lat' dir='ltr'>illacrimans</span> <span class='ocrx_word' id='word_1_98' title='bbox 577 1915 659 2006; x_wconf 81' lang='lat' dir='ltr'><strong>quae</strong></span> <span class='ocrx_word' id='word_1_99' title='bbox 681 1921 761 2004; x_wconf 81' lang='lat' dir='ltr'><strong>legit</strong></span> <span class='ocrx_word' id='word_1_100' title='bbox 783 1921 879 1986; x_wconf 76' lang='lat' dir='ltr'><strong>ossa?</strong></span> <span class='ocrx_word' id='word_1_101' title='bbox 897 1925 1031 1987; x_wconf 79' lang='lat' dir='ltr'><strong>Venus.</strong></span> 
     </span>
    </p>

    <p class='ocr_par' dir='ltr' id='par_1_9' title="bbox 112 2023 1239 2210">
     <span class='ocr_line' id='line_1_16' title="bbox 112 2023 1239 2107; baseline -0.002 -18"><span class='ocrx_word' id='word_1_102' title='bbox 112 2026 292 2089; x_wconf 79' lang='lat' dir='ltr'><strong>Fortunale</strong></span> <span class='ocrx_word' id='word_1_103' title='bbox 313 2023 395 2106; x_wconf 82' lang='lat' dir='ltr'><strong>lapis</strong></span> <span class='ocrx_word' id='word_1_104' title='bbox 418 2023 604 2107; x_wconf 78' lang='lat' dir='ltr'><strong>tumuloque</strong></span> <span class='ocrx_word' id='word_1_105' title='bbox 626 2024 751 2092; x_wconf 74' lang='lat' dir='ltr'><strong>beatior</strong></span> <span class='ocrx_word' id='word_1_106' title='bbox 774 2023 883 2099; x_wconf 93' lang='lat' dir='ltr'><strong>omni,</strong></span> <span class='ocrx_word' id='word_1_107' title='bbox 1220 2025 1239 2087; x_wconf 79' lang='lat'>5</span> 
     </span>
     <span class='ocr_line' id='line_1_17' title="bbox 176 2123 915 2210; baseline -0.001 -20"><span class='ocrx_word' id='word_1_108' title='bbox 176 2129 230 2190; x_wconf 88' lang='lat' dir='ltr'><strong>Tu</strong></span> <span class='ocrx_word' id='word_1_109' title='bbox 251 2125 333 2210; x_wconf 81' lang='lat' dir='ltr'><strong>legis</strong></span> <span class='ocrx_word' id='word_1_110' title='bbox 356 2125 388 2188; x_wconf 89' lang='lat' dir='ltr'><strong>in</strong></span> <span class='ocrx_word' id='word_1_111' title='bbox 411 2123 505 2188; x_wconf 76' lang='lat' dir='ltr'><strong>terris</strong></span> <span class='ocrx_word' id='word_1_112' title='bbox 527 2124 555 2188; x_wconf 83' lang='lat' dir='ltr'><strong>si</strong></span> <span class='ocrx_word' id='word_1_113' title='bbox 577 2124 654 2208; x_wconf 83' lang='lat' dir='ltr'><strong>quid</strong></span> <span class='ocrx_word' id='word_1_114' title='bbox 675 2124 811 2190; x_wconf 75' lang='lat' dir='ltr'><strong>lionoris</strong></span> <span class='ocrx_word' id='word_1_115' title='bbox 834 2137 915 2190; x_wconf 85' lang='lat' dir='ltr'><strong>erat.</strong></span> 
     </span>
    </p>
   </div>
   <div class='ocr_carea' id='block_1_6' title="bbox 275 2280 1088 2363">
    <p class='ocr_par' dir='ltr' id='par_1_10' title="bbox 275 2280 1088 2363">
     <span class='ocr_line' id='line_1_18' title="bbox 275 2280 1088 2363; baseline -0.002 -16"><span class='ocrx_word' id='word_1_116' title='bbox 275 2286 350 2350; x_wconf 83' lang='lat' dir='ltr'><strong>CX.</strong></span> <span class='ocrx_word' id='word_1_117' title='bbox 393 2280 586 2347; x_wconf 72' lang='lat' dir='ltr'><strong>Eiusdem.</strong></span> <span class='ocrx_word' id='word_1_118' title='bbox 618 2281 676 2345; x_wconf 77' lang='lat' dir='ltr'><strong>Aa</strong></span> <span class='ocrx_word' id='word_1_119' title='bbox 696 2285 751 2346; x_wconf 86' lang='lat' dir='ltr'><strong>Ru</strong></span> <span class='ocrx_word' id='word_1_120' title='bbox 776 2303 847 2345; x_wconf 78' lang='lat' dir='ltr'><strong>ram.</strong></span> <span class='ocrx_word' id='word_1_121' title='bbox 882 2285 940 2362; x_wconf 90' lang='lat' dir='ltr'><strong>(L.</strong></span> <span class='ocrx_word' id='word_1_122' title='bbox 966 2286 997 2348; x_wconf 84' lang='lat'><strong>1.</strong></span> <span class='ocrx_word' id='word_1_123' title='bbox 1022 2283 1088 2363; x_wconf 74' lang='lat'><strong>118.)</strong></span> 
     </span>
    </p>
   </div>
   <div class='ocr_carea' id='block_1_7' title="bbox 109 2392 1236 3191">
    <p class='ocr_par' dir='ltr' id='par_1_11' title="bbox 112 2392 991 2576">
     <span class='ocr_line' id='line_1_19' title="bbox 112 2392 991 2478; baseline 0.003 -21"><span class='ocrx_word' id='word_1_124' title='bbox 112 2397 289 2478; x_wconf 82' lang='lat' dir='ltr'><strong>Tamquam</strong></span> <span class='ocrx_word' id='word_1_125' title='bbox 312 2392 417 2476; x_wconf 84' lang='lat' dir='ltr'><strong>prisea</strong></span> <span class='ocrx_word' id='word_1_126' title='bbox 442 2394 518 2458; x_wconf 89' lang='lat' dir='ltr'><strong>mihi</strong></span> <span class='ocrx_word' id='word_1_127' title='bbox 541 2413 688 2477; x_wconf 83' lang='lat' dir='ltr'><strong>saxoque</strong></span> <span class='ocrx_word' id='word_1_128' title='bbox 709 2392 838 2456; x_wconf 86' lang='lat' dir='ltr'><strong>inveula</strong></span> <span class='ocrx_word' id='word_1_129' title='bbox 861 2405 991 2460; x_wconf 87' lang='lat' dir='ltr'><strong>veluslo</strong></span> 
     </span>
     <span class='ocr_line' id='line_1_20' title="bbox 174 2495 941 2576; baseline 0 -16"><span class='ocrx_word' id='word_1_130' title='bbox 174 2495 341 2571; x_wconf 72' lang='lat' dir='ltr'><strong>Disliclra,</strong></span> <span class='ocrx_word' id='word_1_131' title='bbox 366 2495 477 2570; x_wconf 86' lang='lat' dir='ltr'><strong>Rufe,</strong></span> <span class='ocrx_word' id='word_1_132' title='bbox 501 2497 586 2559; x_wconf 82' lang='lat' dir='ltr'><strong>solea</strong></span> <span class='ocrx_word' id='word_1_133' title='bbox 605 2516 703 2576; x_wconf 73' lang='lat' dir='ltr'><strong>saepe</strong></span> <span class='ocrx_word' id='word_1_134' title='bbox 725 2497 851 2559; x_wconf 86' lang='lat' dir='ltr'><strong>relerre</strong></span> <span class='ocrx_word' id='word_1_135' title='bbox 874 2508 941 2560; x_wconf 87' lang='lat' dir='ltr'><strong>tua.</strong></span> 
     </span>
    </p>

    <p class='ocr_par' dir='ltr' id='par_1_12' title="bbox 110 2596 1236 2884">
     <span class='ocr_line' id='line_1_21' title="bbox 111 2596 1162 2682; baseline -0.001 -21"><span class='ocrx_word' id='word_1_136' title='bbox 111 2599 250 2661; x_wconf 82' lang='lat' dir='ltr'><strong>Slullum</strong></span> <span class='ocrx_word' id='word_1_137' title='bbox 275 2599 355 2661; x_wconf 83' lang='lat' dir='ltr'><strong>adeo</strong></span> <span class='ocrx_word' id='word_1_138' title='bbox 379 2618 449 2674; x_wconf 87' lang='lat' dir='ltr'><strong>me,</strong></span> <span class='ocrx_word' id='word_1_139' title='bbox 475 2599 582 2670; x_wconf 86' lang='lat' dir='ltr'><strong>llule,</strong></span> <span class='ocrx_word' id='word_1_140' title='bbox 607 2596 725 2680; x_wconf 77' lang='lat' dir='ltr'><strong>pules?</strong></span> <span class='ocrx_word' id='word_1_141' title='bbox 747 2599 825 2682; x_wconf 82' lang='lat' dir='ltr'><strong>Ego</strong></span> <span class='ocrx_word' id='word_1_142' title='bbox 846 2609 910 2660; x_wconf 82' lang='lat' dir='ltr'><strong>lam</strong></span> <span class='ocrx_word' id='word_1_143' title='bbox 932 2598 1013 2661; x_wconf 85' lang='lat' dir='ltr'><strong>mala</strong></span> <span class='ocrx_word' id='word_1_144' title='bbox 1036 2602 1162 2662; x_wconf 86' lang='lat' dir='ltr'><strong>credam</strong></span> 
     </span>
     <span class='ocr_line' id='line_1_22' title="bbox 177 2697 1181 2783; baseline 0.002 -20"><span class='ocrx_word' id='word_1_145' title='bbox 177 2697 325 2763; x_wconf 82' lang='lat' dir='ltr'><strong>Carmina</strong></span> <span class='ocrx_word' id='word_1_146' title='bbox 347 2700 498 2762; x_wconf 84' lang='lat' dir='ltr'><strong>Romano</strong></span> <span class='ocrx_word' id='word_1_147' title='bbox 522 2719 681 2762; x_wconf 86' lang='lat' dir='ltr'><strong>marmore</strong></span> <span class='ocrx_word' id='word_1_148' title='bbox 702 2720 799 2781; x_wconf 75' lang='lat' dir='ltr'><strong>posse</strong></span> <span class='ocrx_word' id='word_1_149' title='bbox 822 2699 912 2783; x_wconf 78' lang='lat' dir='ltr'><strong>legi?</strong></span> <span class='ocrx_word' id='word_1_150' title='bbox 958 2727 960 2734; x_wconf 87' lang='grc'><em>·</em></span> <span class='ocrx_word' id='word_1_151' title='bbox 1178 2706 1181 2712; x_wconf 85' lang='grc'><em>’</em></span> 
     </span>
     <span class='ocr_line' id='line_1_23' title="bbox 110 2799 1236 2884; baseline 0.002 -19"><span class='ocrx_word' id='word_1_152' title='bbox 110 2802 318 2865; x_wconf 74' lang='lat' dir='ltr'><strong>Archemoro</strong></span> <span class='ocrx_word' id='word_1_153' title='bbox 343 2801 462 2884; x_wconf 79' lang='lat' dir='ltr'><strong>longos</strong></span> <span class='ocrx_word' id='word_1_154' title='bbox 484 2799 609 2883; x_wconf 85' lang='lat' dir='ltr'><strong>affingis</strong></span> <span class='ocrx_word' id='word_1_155' title='bbox 632 2802 783 2866; x_wconf 71' lang='lat' dir='ltr'><strong>Nestoris</strong></span> <span class='ocrx_word' id='word_1_156' title='bbox 806 2823 924 2878; x_wconf 77' lang='lat' dir='ltr'><strong>anuos3</strong></span> <span class='ocrx_word' id='word_1_157' title='bbox 1217 2805 1236 2867; x_wconf 83' lang='lat'>5</span> 
     </span>
    </p>

    <p class='ocr_par' dir='ltr' id='par_1_13' title="bbox 109 2905 1087 3191">
     <span class='ocr_line' id='line_1_24' title="bbox 175 2905 954 2983; baseline 0.005 -17"><span class='ocrx_word' id='word_1_158' title='bbox 175 2905 418 2980; x_wconf 77' lang='lat' dir='ltr'><strong>Andromachae</strong></span> <span class='ocrx_word' id='word_1_159' title='bbox 440 2923 575 2983; x_wconf 72' lang='lat' dir='ltr'><strong>priorum</strong></span> <span class='ocrx_word' id='word_1_160' title='bbox 599 2906 820 2968; x_wconf 85' lang='lat' dir='ltr'><strong>Laomedonta</strong></span> <span class='ocrx_word' id='word_1_161' title='bbox 843 2925 954 2970; x_wconf 83' lang='lat' dir='ltr'><strong>vocas.</strong></span> 
     </span>
     <span class='ocr_line' id='line_1_25' title="bbox 109 3003 999 3091; baseline 0 -21"><span class='ocrx_word' id='word_1_162' title='bbox 109 3003 232 3070; x_wconf 82' lang='lat' dir='ltr'><strong>Desine</strong></span> <span class='ocrx_word' id='word_1_163' title='bbox 256 3004 382 3067; x_wconf 73' lang='lat' dir='ltr'><strong>mentiri</strong></span> <span class='ocrx_word' id='word_1_164' title='bbox 404 3004 529 3084; x_wconf 87' lang='lat' dir='ltr'><strong>Pyliam</strong></span> <span class='ocrx_word' id='word_1_165' title='bbox 554 3005 796 3091; x_wconf 72' lang='lat' dir='ltr'><strong>Phrygiamque</strong></span> <span class='ocrx_word' id='word_1_166' title='bbox 818 3019 999 3071; x_wconf 76' lang='lat' dir='ltr'><strong>senectamr</strong></span> 
     </span>
     <span class='ocr_line' id='line_1_26' title="bbox 174 3103 1087 3191; baseline 0.005 -22"><span class='ocrx_word' id='word_1_167' title='bbox 174 3107 244 3169; x_wconf 81' lang='lat' dir='ltr'><strong>Sint</strong></span> <span class='ocrx_word' id='word_1_168' title='bbox 266 3118 374 3170; x_wconf 83' lang='lat' dir='ltr'><strong>velera</strong></span> <span class='ocrx_word' id='word_1_169' title='bbox 397 3108 478 3170; x_wconf 86' lang='lat' dir='ltr'><strong>haee</strong></span> <span class='ocrx_word' id='word_1_170' title='bbox 500 3107 587 3184; x_wconf 77' lang='lat' dir='ltr'><strong>aliie,</strong></span> <span class='ocrx_word' id='word_1_171' title='bbox 612 3109 655 3170; x_wconf 94' lang='lat' dir='ltr'><strong>mi</strong></span> <span class='ocrx_word' id='word_1_172' title='bbox 677 3129 761 3172; x_wconf 86' lang='lat' dir='ltr'><strong>nova</strong></span> <span class='ocrx_word' id='word_1_173' title='bbox 785 3129 912 3191; x_wconf 74' lang='lat' dir='ltr'><strong>semper</strong></span> <span class='ocrx_word' id='word_1_174' title='bbox 934 3115 1055 3177; x_wconf 85' lang='lat' dir='ltr'><strong>ernul.&#39;</strong></span> <span class='ocrx_word' id='word_1_175' title='bbox 1084 3103 1087 3109; x_wconf 44' lang='lat'><strong>¹</strong></span> 
     </span>
    </p>
   </div>
   <div class='ocr_carea' id='block_1_8' title="bbox 174 3263 1183 3360">
    <p class='ocr_par' dir='ltr' id='par_1_14' title="bbox 174 3263 1183 3360">
     <span class='ocr_line' id='line_1_27' title="bbox 174 3263 1183 3360; baseline 0.003 -31"><span class='ocrx_word' id='word_1_176' title='bbox 174 3265 269 3330; x_wconf 81' lang='lat' dir='ltr'><strong>CXI.</strong></span> <span class='ocrx_word' id='word_1_177' title='bbox 304 3263 484 3327; x_wconf 70' lang='lat' dir='ltr'><strong>Eiusdem.</strong></span> <span class='ocrx_word' id='word_1_178' title='bbox 519 3266 715 3360; x_wconf 78' lang='lat' dir='ltr'><strong>DeAenea</strong></span> <span class='ocrx_word' id='word_1_179' title='bbox 736 3277 769 3328; x_wconf 81' lang='lat' dir='ltr'><strong>el</strong></span> <span class='ocrx_word' id='word_1_180' title='bbox 791 3266 941 3356; x_wconf 81' lang='lat' dir='ltr'><strong>Didone.</strong></span> <span class='ocrx_word' id='word_1_181' title='bbox 975 3269 1032 3347; x_wconf 89' lang='lat' dir='ltr'><strong>(L.</strong></span> <span class='ocrx_word' id='word_1_182' title='bbox 1055 3269 1087 3331; x_wconf 91' lang='grc'><em>1.</em></span> <span class='ocrx_word' id='word_1_183' title='bbox 1111 3270 1183 3352; x_wconf 74' lang='lat' dir='ltr'><strong>ol.)</strong></span> 
     </span>
    </p>
   </div>
   <div class='ocr_carea' id='block_1_9' title="bbox 110 3375 1234 3968">
    <p class='ocr_par' dir='ltr' id='par_1_15' title="bbox 110 3375 1046 3566">
     <span class='ocr_line' id='line_1_28' title="bbox 110 3375 1046 3458; baseline 0 -20"><span class='ocrx_word' id='word_1_184' title='bbox 110 3375 285 3438; x_wconf 81' lang='lat' dir='ltr'><strong>Immemor</strong></span> <span class='ocrx_word' id='word_1_185' title='bbox 307 3377 345 3436; x_wconf 88' lang='lat' dir='ltr'><strong>ah</strong></span> <span class='ocrx_word' id='word_1_186' title='bbox 370 3375 503 3437; x_wconf 85' lang='lat' dir='ltr'><strong>miserae</strong></span> <span class='ocrx_word' id='word_1_187' title='bbox 526 3396 710 3438; x_wconf 84' lang='lat' dir='ltr'><strong>curensem</strong></span> <span class='ocrx_word' id='word_1_188' title='bbox 734 3375 849 3458; x_wconf 77' lang='lat' dir='ltr'><strong>linquis</strong></span> <span class='ocrx_word' id='word_1_189' title='bbox 872 3376 1000 3456; x_wconf 82' lang='lat' dir='ltr'><strong>Eliaae‚</strong></span> <span class='ocrx_word' id='word_1_190' title='bbox 1038 3447 1046 3458; x_wconf 52' lang='grc'><em>,</em></span> 
     </span>
     <span class='ocr_line' id='line_1_29' title="bbox 177 3471 970 3566; baseline 0.005 -28"><span class='ocrx_word' id='word_1_191' title='bbox 177 3471 261 3538; x_wconf 77' lang='lat' dir='ltr'><strong>Nate</strong></span> <span class='ocrx_word' id='word_1_192' title='bbox 283 3475 366 3537; x_wconf 85' lang='lat' dir='ltr'><strong>dea?</strong></span> <span class='ocrx_word' id='word_1_193' title='bbox 389 3477 546 3566; x_wconf 82' lang='lat' dir='ltr'><strong>prol&#39;ugaa</strong></span> <span class='ocrx_word' id='word_1_194' title='bbox 570 3497 635 3539; x_wconf 92' lang='lat' dir='ltr'><strong>non</strong></span> <span class='ocrx_word' id='word_1_195' title='bbox 658 3490 773 3560; x_wconf 86' lang='lat' dir='ltr'><strong>gravat</strong></span> <span class='ocrx_word' id='word_1_196' title='bbox 796 3475 850 3541; x_wconf 85' lang='lat' dir='ltr'><strong>ille</strong></span> <span class='ocrx_word' id='word_1_197' title='bbox 872 3490 970 3542; x_wconf 77' lang='lat' dir='ltr'><strong>rates.</strong></span> 
     </span>
    </p>

    <p class='ocr_par' dir='ltr' id='par_1_16' title="bbox 110 3571 1027 3765">
     <span class='ocr_line' id='line_1_30' title="bbox 110 3571 1027 3660; baseline -0.001 -16"><span class='ocrx_word' id='word_1_198' title='bbox 110 3581 205 3644; x_wconf 86' lang='lat' dir='ltr'><strong>Auue</strong></span> <span class='ocrx_word' id='word_1_199' title='bbox 229 3600 339 3660; x_wconf 88' lang='lat' dir='ltr'><strong>parum</strong></span> <span class='ocrx_word' id='word_1_200' title='bbox 363 3575 468 3642; x_wconf 80' lang='lat' dir='ltr'><strong>furerat</strong></span> <span class='ocrx_word' id='word_1_201' title='bbox 490 3600 615 3642; x_wconf 76' lang='lat' dir='ltr'><strong>calisam</strong></span> <span class='ocrx_word' id='word_1_202' title='bbox 639 3581 714 3642; x_wconf 78' lang='lat' dir='ltr'><strong>dare</strong></span> <span class='ocrx_word' id='word_1_203' title='bbox 738 3571 851 3642; x_wconf 75' lang='lat' dir='ltr'><strong>morlia</strong></span> <span class='ocrx_word' id='word_1_204' title='bbox 874 3583 1027 3660; x_wconf 82' lang='lat' dir='ltr'><strong>acerbae,</strong></span> 
     </span>
     <span class='ocr_line' id='line_1_31' title="bbox 174 3680 970 3765; baseline 0.003 -22"><span class='ocrx_word' id='word_1_205' title='bbox 174 3680 218 3743; x_wconf 86' lang='lat' dir='ltr'><strong>Ni</strong></span> <span class='ocrx_word' id='word_1_206' title='bbox 239 3680 362 3743; x_wconf 75' lang='lat' dir='ltr'><strong>ferrum</strong></span> <span class='ocrx_word' id='word_1_207' title='bbox 385 3680 512 3765; x_wconf 80' lang='lat' dir='ltr'><strong>fugiens</strong></span> <span class='ocrx_word' id='word_1_208' title='bbox 535 3693 569 3745; x_wconf 87' lang='lat' dir='ltr'><strong>lu</strong></span> <span class='ocrx_word' id='word_1_209' title='bbox 592 3703 721 3764; x_wconf 85' lang='lat' dir='ltr'><strong>quoqne</strong></span> <span class='ocrx_word' id='word_1_210' title='bbox 743 3682 833 3744; x_wconf 68' lang='lat' dir='ltr'><strong>{risle</strong></span> <span class='ocrx_word' id='word_1_211' title='bbox 856 3682 970 3745; x_wconf 83' lang='lat' dir='ltr'><strong>dares?</strong></span> 
     </span>
    </p>

    <p class='ocr_par' dir='ltr' id='par_1_17' title="bbox 111 3782 1234 3968">
     <span class='ocr_line' id='line_1_32' title="bbox 111 3782 1234 3870; baseline 0.008 -24"><span class='ocrx_word' id='word_1_212' title='bbox 111 3782 228 3855; x_wconf 83' lang='lat' dir='ltr'><strong>Tolle,</strong></span> <span class='ocrx_word' id='word_1_213' title='bbox 252 3804 389 3863; x_wconf 85' lang='lat' dir='ltr'><strong>precor,</strong></span> <span class='ocrx_word' id='word_1_214' title='bbox 413 3782 548 3844; x_wconf 79' lang='lat' dir='ltr'><strong>lrrruidas</strong></span> <span class='ocrx_word' id='word_1_215' title='bbox 571 3795 675 3845; x_wconf 88' lang='lat' dir='ltr'><strong>lecum</strong></span> <span class='ocrx_word' id='word_1_216' title='bbox 698 3783 780 3859; x_wconf 87' lang='lat' dir='ltr'><strong>hoo,</strong></span> <span class='ocrx_word' id='word_1_217' title='bbox 805 3782 866 3845; x_wconf 91' lang='lat' dir='ltr'><strong>iam</strong></span> <span class='ocrx_word' id='word_1_218' title='bbox 890 3785 967 3847; x_wconf 84' lang='lat' dir='ltr'><strong>tolle</strong></span> <span class='ocrx_word' id='word_1_219' title='bbox 989 3807 1048 3870; x_wconf 85' lang='lat' dir='ltr'><strong>per</strong></span> <span class='ocrx_word' id='word_1_220' title='bbox 1072 3791 1190 3855; x_wconf 79' lang='lat' dir='ltr'><strong>uodasa</strong></span> <span class='ocrx_word' id='word_1_221' title='bbox 1215 3791 1234 3855; x_wconf 85' lang='lat'><strong>5</strong></span> 
     </span>
     <span class='ocr_line' id='line_1_33' title="bbox 172 3883 858 3968; baseline 0 -20"><span class='ocrx_word' id='word_1_222' title='bbox 172 3885 328 3949; x_wconf 76' lang='lat' dir='ltr'><strong>Discessu</strong></span> <span class='ocrx_word' id='word_1_223' title='bbox 336 3928 347 3962; x_wconf 91' lang='lat'><strong>,</strong></span> <span class='ocrx_word' id='word_1_224' title='bbox 370 3885 444 3946; x_wconf 78' lang='lat' dir='ltr'><strong>salia</strong></span> <span class='ocrx_word' id='word_1_225' title='bbox 468 3896 534 3961; x_wconf 78' lang='lat' dir='ltr'><strong>est,</strong></span> <span class='ocrx_word' id='word_1_226' title='bbox 557 3885 584 3946; x_wconf 92' lang='lat' dir='ltr'><strong>si</strong></span> <span class='ocrx_word' id='word_1_227' title='bbox 606 3883 689 3968; x_wconf 82' lang='lat' dir='ltr'><strong>peril</strong></span> <span class='ocrx_word' id='word_1_228' title='bbox 710 3883 765 3948; x_wconf 90' lang='lat' dir='ltr'><strong>illa</strong></span> <span class='ocrx_word' id='word_1_229' title='bbox 788 3896 858 3948; x_wconf 86' lang='lat' dir='ltr'><strong>luo.</strong></span> 
     </span>
    </p>
   </div>
   <div class='ocr_carea' id='block_1_10' title="bbox 234 4035 1137 4125">
    <p class='ocr_par' dir='ltr' id='par_1_18' title="bbox 234 4035 1137 4125">
     <span class='ocr_line' id='line_1_34' title="bbox 234 4035 1137 4125; baseline 0.003 -19"><span class='ocrx_word' id='word_1_230' title='bbox 234 4043 345 4106; x_wconf 83' lang='lat' dir='ltr'><strong><em>CXII.</em></strong></span> <span class='ocrx_word' id='word_1_231' title='bbox 388 4041 570 4115; x_wconf 71' lang='lat' dir='ltr'><strong>Eiusdem.</strong></span> <span class='ocrx_word' id='word_1_232' title='bbox 615 4041 703 4106; x_wconf 84' lang='lat' dir='ltr'><strong>Diee</strong></span> <span class='ocrx_word' id='word_1_233' title='bbox 724 4041 884 4125; x_wconf 77' lang='lat' dir='ltr'><strong>genialia.</strong></span> <span class='ocrx_word' id='word_1_234' title='bbox 918 4044 977 4122; x_wconf 91' lang='lat' dir='ltr'><strong>(L.</strong></span> <span class='ocrx_word' id='word_1_235' title='bbox 1000 4045 1032 4108; x_wconf 83' lang='lat'><strong>1.</strong></span> <span class='ocrx_word' id='word_1_236' title='bbox 1054 4035 1137 4125; x_wconf 69' lang='lat' dir='ltr'><strong>ull.)¹</strong></span> 
     </span>
    </p>
   </div>
   <div class='ocr_carea' id='block_1_11' title="bbox 110 4143 1048 4338">
    <p class='ocr_par' dir='ltr' id='par_1_19' title="bbox 110 4143 1048 4338">
     <span class='ocr_line' id='line_1_35' title="bbox 110 4143 932 4250; baseline -0.001 -34"><span class='ocrx_word' id='word_1_237' title='bbox 110 4150 244 4226; x_wconf 88' lang='lat' dir='ltr'><strong>Aureli,</strong></span> <span class='ocrx_word' id='word_1_238' title='bbox 269 4147 428 4232; x_wconf 79' lang='lat' dir='ltr'><strong>perfunde</strong></span> <span class='ocrx_word' id='word_1_239' title='bbox 452 4149 527 4214; x_wconf 80' lang='lat' dir='ltr'><strong>meio</strong></span> <span class='ocrx_word' id='word_1_240' title='bbox 550 4143 713 4235; x_wconf 76' lang='lat' dir='ltr'><strong>unguenta</strong></span> <span class='ocrx_word' id='word_1_241' title='bbox 736 4153 860 4250; x_wconf 78' lang='lat' dir='ltr'><strong>eupillis</strong></span> <span class='ocrx_word' id='word_1_242' title='bbox 928 4216 932 4223; x_wconf 79' lang='grc'><strong>,</strong></span> 
     </span>
     <span class='ocr_line' id='line_1_36' title="bbox 172 4256 1048 4338; baseline 0.007 -21"><span class='ocrx_word' id='word_1_243' title='bbox 172 4256 226 4318; x_wconf 88' lang='grc' dir='ltr'><strong>Τιι</strong></span> <span class='ocrx_word' id='word_1_244' title='bbox 247 4273 366 4337; x_wconf 82' lang='lat' dir='ltr'><strong>anper,</strong></span> <span class='ocrx_word' id='word_1_245' title='bbox 391 4265 421 4316; x_wconf 86' lang='lat' dir='ltr'><strong>et</strong></span> <span class='ocrx_word' id='word_1_246' title='bbox 445 4273 559 4318; x_wconf 79' lang='lat' dir='ltr'><strong>vernae</strong></span> <span class='ocrx_word' id='word_1_247' title='bbox 581 4275 723 4338; x_wconf 81' lang='lat' dir='ltr'><strong>sparge,</strong></span> <span class='ocrx_word' id='word_1_248' title='bbox 747 4256 918 4336; x_wconf 81' lang='lat' dir='ltr'><strong>Nearcho,</strong></span> <span class='ocrx_word' id='word_1_249' title='bbox 943 4275 1048 4324; x_wconf 81' lang='lat' dir='ltr'><strong>rosas.</strong></span> 
     </span>
    </p>
   </div>
   <div class='ocr_carea' id='block_1_12' title="bbox 0 0 1478 4816">
    <p class='ocr_par' dir='ltr' id='par_1_20' title="bbox 0 0 1478 4816">
     <span class='ocr_line' id='line_1_37' title="bbox 0 0 1478 4816; baseline 0 1"><span class='ocrx_word' id='word_1_250' title='bbox 0 0 1478 4816; x_wconf 95' lang='lat' dir='ltr'><strong> </strong></span> 
     </span>
    </p>
   </div>
  </div>
 </body>
</html>
