2952 4826
115 379 285 446 Versibus
307 389 339 442 et
360 375 448 440 ratio
471 378 621 458 superdm
645 373 787 460 caelique
808 375 960 446 tenendam

118 485 203 546 Sunt
225 489 431 563 tempestates
454 488 485 542 et
506 476 638 541 fulmina
662 476 748 539 clara
771 477 926 548 canenda,

118 583 211 666 Quid
231 582 353 646 saciant
374 591 406 644 et
427 601 488 666 qua
513 583 550 644 de
573 600 684 643 caussa
706 597 867 663 quomque
888 575 1052 651 ferentum

118 689 176 751 Ne
196 685 336 767 trepides
360 683 441 746 caeli
464 680 574 750 divisis
595 680 740 764 partibus
764 701 885 756 amens,

120 791 219 854 Unde
240 787 354 851 volans
374 784 460 870 ignis
482 782 667 867 pervenerit
689 781 796 846 autin
818 791 919 844 utram
942 801 975 844 se

122 889 279 956 Vorterit
300 888 375 952 hinc
396 899 539 970 partem3
562 909 626 973 quo
650 897 746 969 pacto
769 907 828 969 per
850 886 923 949 loca
946 893 1053 966 saepta

120 991 297 1056 insinuarit
319 1002 350 1054 et
371 990 447 1054 hinc
469 989 649 1054 dominatus
672 1001 706 1053 ut
728 987 881 1052 extulerit
902 1009 948 1051 se.

119 1097 273 1177 Quorum
295 1115 428 1177 operum
453 1115 579 1156 caussas
603 1091 686 1155 nulla
707 1091 834 1156 ratione
856 1089 967 1154 videre

118 1200 266 1274 Possunt
288 1219 326 1258 ac
347 1194 419 1259 fieri
442 1194 552 1259 divino
575 1194 701 1258 numine
723 1205 847 1257 rentur.

187 1303 241 1362 Tu
263 1281 342 1362 mihi
364 1319 529 1380 supremae
551 1296 752 1380 praescripta
774 1299 821 1358 ad'
837 1293 970 1358 candida
992 1292 1089 1356 calcis

121 1401 280 1467 Currenti
302 1401 436 1482 spatium
459 1410 700 1483 praemonstra,
724 1397 838 1461 callida
861 1398 977 1472 Musa,

122 1503 292 1586 Calliope,
316 1502 443 1588 requies
465 1501 629 1567 hominum
652 1499 825 1584 divquue
848 1499 1017 1581 voluptas,

123 1608 174 1669 Te
198 1609 278 1669 duce
300 1615 335 1668 ut
356 1603 474 1689 insigni
496 1603 620 1688 capiam
642 1625 715 1667 cum
736 1602 829 1665 laude
852 1621 1020 1667 coronam.

445 1791 523 1854 Ltn.
541 1791 607 1854 VI.
631 1809 665 1853 v.
684 1791 764 1852 1137
774 1788 917 1852 -1285,

191 1914 283 1974 Haec
304 1911 389 1976 ratio
412 1914 572 1997 quondam
594 1913 784 1975 morborum
807 1921 839 1974 et
860 1907 1009 1973 mortifer
1030 1917 1133 1971 aestus

124 2015 153 2078 F
155 2013 253 2086 inibu'
274 2013 447 2095 Cecropiis
467 2014 611 2077 funestos
632 2011 772 2076 reddidit
792 2035 891 2098 agros

123 2114 342 2200 Vastavitque
363 2115 448 2192 vias,
471 2114 618 2179 exhausit
641 2114 768 2178 civibus
789 2118 913 2180 urbem.

123 2219 210 2280 Nam
229 2215 372 2300 penitus,
396 2217 526 2281 veniens
546 2217 693 2301 Aegypti
709 2217 846 2294 finibus,
870 2226 980 2293 ortus,
1162 2216 1245 2279 1110

123 2319 217 2384 Adra
237 2341 423 2402 permensus
445 2319 575 2382 multum
599 2341 793 2405 camposque
815 2318 987 2394 natanteis,

123 2421 277 2485 Incubuit
296 2426 420 2485 tandem
440 2422 563 2506 populo
587 2422 780 2498 Pandionis3
805 2443 915 2486 omnes
972 2505 973 2514 ἵ
997 2413 1000 2418 ’

124 2526 205 2588 Inde
229 2523 415 2588 catervatim
436 2527 554 2589 morbo
577 2523 739 2609 mortique
762 2527 933 2588 dabantur.

188 2626 377 2709 Principio,
402 2638 497 2710 caput
518 2626 679 2691 incensum
699 2627 832 2690 fervore
857 2630 1013 2712 gerebant

126 2833 150 2873 et
164 2828 238 2872 Vind.
256 2833 281 2872 ut
296 2829 413 2883 suspicari
432 2830 502 2884 ticet,
532 2830 578 2874 etsi
603 2829 700 2874 Alteros
727 2831 789 2874 hand
815 2827 906 2872 monito
936 2829 1026 2873 lectore
1052 2827 1132 2870 celric
1156 2828 1242 2880 edidit,

125 2902 230 2954 itemque
249 2898 310 2942 Edd.
325 2903 382 2942 vett.
396 2899 484 2943 habent
497 2900 579 2942 cultis.
610 2900 642 2942 nt
659 2901 746 2943 merito
766 2899 875 2943 dubitare
894 2898 965 2954 licet,
985 2912 1014 2942 nn
1034 2911 1135 2955 unquam
1148 2898 1176 2941 de
1190 2911 1243 2941 cur-

127 2967 205 3011 riculo
234 2972 372 3022 usurpatum
398 2967 472 3012 luerit
498 2967 561 3012 istud
585 2968 742 3024 vocabulum,
773 2971 802 3013 de
829 2969 897 3013 cuius
921 2981 1009 3026 genere
1028 2969 1150 3026 ambigunt
1168 2967 1243 3010 adhuc

128 3037 294 3082 Grainmanet.
323 3033 721 3093 01111111111111111111.1111.
761 3035 801 3084 95.
822 3038 950 3097 insignem
961 3038 991 3082 1..
1006 3038 1036 3082 11.

495 3161 551 3208 Iun.
565 3163 609 3208 Vl.
637 3176 661 3208 v.
684 3159 748 3209 1137
759 3161 873 3208 -1285.

178 3249 223 3306 (ln
242 3251 285 3294 hac
304 3250 378 3304 pestis
396 3250 549 3295 Atheniensis
568 3251 727 3306 descriptione
749 3257 845 3306 praeter
863 3251 923 3295 Cdd.
945 3250 974 3294 C.
996 3255 1019 3294 et
1037 3249 1067 3294 E.
1088 3251 1188 3294 collatus
1208 3253 1244 3295 est

128 3321 198 3366 etiem
217 3321 278 3364 alter
296 3319 470 3363 Ambrosianus
489 3321 518 3365 P.
535 3318 923 3379 19.Ρ111.1ιιρει·.81311117..)

180 3385 257 3432 1137.
284 3388 486 3443 cratonum,
500 3386 589 3436 17-51.
609 3388 768 3449 Virg.Ge.3,
782 3387 904 3436 tto-56⁶.
931 3385 1104 3444 0111111117,
1119 3385 1243 3434 523-613.

127 3455 382 3511 10011.6,80-105.
404 3460 510 3504 8111111.
522 3457 562 3511 14,
578 3457 701 3505 580-617.
716 3462 819 3506 Senecae
828 3459 913 3515 Oedip.
923 3458 964 3504 29.
974 3473 1027 3517 sqq.
1047 3461 1083 3503 lb.
1096 3454 1244 3515 mortiferae

126 3529 187 3571 Edd.
197 3531 255 3571 vett.
263 3551 296 3560 -
303 3525 459 3586 mortiferae,
471 3526 609 3587 mortifere,
621 3526 809 3586 mortiferorum
820 3532 910 3573 omisso
917 3534 1003 3573 0111111
1012 3531 1087 3573 Codd.
1097 3531 1157 3571 unde
1166 3528 1206 3569 W.
1215 3528 1244 3569 de

126 3598 190 3643 coni.
209 3597 282 3641 edidit
300 3594 445 3656 mortiferae
460 3599 508 3643 ris.
528 3605 570 3643 ‘ex
584 3612 607 3643 v.
623 3597 711 3651 1127.)
728 3596 844 3657 mortifer
856 3599 901 3642 «ἓν
913 3599 975 3642 (101.
992 3599 1015 3642 1.
1030 3598 1067 3656 (et
1079 3598 1109 3641 Z.
1123 3610 1137 3638 a
1150 3609 1187 3650 pr.
1199 3594 1246 3648 m.)
1329 3588 1332 3598 '

126 3670 201 3714 Voss.
213 3667 243 3708 11.
254 3697 261 3721 ‚
275 3668 316 3710 sed
329 3665 445 3724 mortifer·
459 3667 778 3713 001111111.Α.1..Ε101111.
794 3667 950 3725 confirmatur
962 3681 976 3710 a
990 3667 1116 3712 Macrobio
1124 3667 1174 3710 Sat.
1184 3662 1208 3718 6,
1218 3662 1242 3708 2.

127 3741 151 3781 ct
165 3735 292 3780 Claudiani
313 3737 446 3782 imitatione
465 3738 493 3780 de
506 3738 581 3794 liaptu
593 3739 667 3782 Pron.
682 3735 711 3790 3,
732 3737 792 3786 237.
812 3753 858 3788 seu
876 3734 992 3796 mortifer
1009 3743 1095 3782 uertite
1112 3749 1159 3780 eeu
1175 3747 1246 3778 ruore

127 3808 184 3863 ipsu
195 3801 261 3862 fuit.
301 3802 378 3850 1138.
396 3804 502 3850 Finibus
520 3808 548 3852 in
566 3804 684 3864 Cecropis
700 3808 811 3851 ltlncrob.
825 3809 902 3855 Codd.
915 3805 939 3851 1.
957 3809 1039 3861 (etiam
1052 3807 1080 3850 C.
1096 3804 1139 3862 Z.)
1153 3805 1197 3848 Ar.
1211 3805 1241 3848 Ρ.

130 3897 158 3908 -
171 3873 272 3937 finibus
284 3874 311 3918 in
324 3870 452 3932 Cecropiis
467 3876 542 3920 Codd.
558 3875 582 3922 2.
600 3875 635 3934 (et
647 3875 692 3934 E.)
707 3877 767 3921 Edd.
782 3881 838 3923 vett.
858 3878 904 3920 Sed
916 3871 1014 3920 Finibu’
1030 3871 1158 3932 Cecropiis
1171 3875 1200 3919 L.
1214 3875 1243 3918 ll.

128 3945 219 3990 Eichst.
236 3957 265 3988 er
283 3944 388 4002 legitima
404 3947 466 3999 apud
481 3946 580 3990 Latinos
595 3948 742 4001 syllabarum
758 3947 898 4002 quantitate.
937 3942 1013 3990 1140.
1032 3961 1045 3988 e
1062 3943 1157 4004 finibus
1171 3945 1201 3988 L.
1213 3945 1243 3988 H.

128 4015 208 4071 sicque
224 4014 285 4057 Cod.
300 4017 330 4057 tt.
370 4011 446 4059 1112.
464 4018 556 4073 popolo
568 4015 706 4060 Pandionia
713 4029 724 4070 ,¹
743 4028 829 4059 omnes
841 4015 870 4060 L.
882 4015 918 4070 ll,
939 4016 980 4058 sed
994 4016 1065 4060 etiam
1078 4017 1108 4060 Z.
1124 4020 1148 4060 et
1157 4015 1243 4069 Brix.;

128 4088 303 4140 propterquam
316 4085 452 4128 auctoritat.
461 4086 520 4129 hanc
532 4087 655 4130 tectionem
667 4087 837 4142 praetulimus:
852 4085 914 4131 idern
923 4084 980 4130 fecit
989 4085 1084 4130 Nobbe.
1095 4108 1123 4118 —
1133 4085 1208 4128 Codd.
1219 4080 1243 4127 5.

128 4152 230 4208 (effi-ll
252 4175 285 4185 -
309 4166 406 4196 omnem
425 4157 539 4208 (ornnem
557 4157 617 4200 Ver.
638 4156 712 4211 Ven.)
731 4157 791 4200 llinc
813 4155 969 4216 ductaveoni.
994 4157 1052 4201 W.:
1075 4155 1196 4214 populum
1214 4150 1242 4195 P.

128 4235 238 4276 omnem,
259 4235 329 4279 quam
345 4225 547 4270 constructionem
562 4238 586 4270 v.
602 4224 759 4280 incumbere,
779 4225 855 4270 Statio
872 4230 896 4269 et
910 4225 1001 4270 avieno
1018 4226 1079 4269 haud
1095 4225 1242 4282 neglectam,

129 4291 254 4337 confirmat
269 4293 328 4336 iocis
344 4291 422 4338 Plauti
435 4295 492 4340 (las.
503 4291 533 4351 2,
548 4291 577 4351 1,
593 4292 635 4340 29.
655 4295 742 4350 Lucilii
754 4309 792 4352 ap.
803 4295 865 4341 llon.
876 4291 905 4350 9,
921 4293 962 4341 19.
983 4319 1015 4331 -
1030 4295 1124 4353 populo
1136 4292 1164 4337 P.
1176 4287 1244 4334 omni
