2946 4816
486 871 529 944 P.
569 867 810 946 ΡΑΡῙΝΙῙ
848 867 1054 946 8ΤΑΤΙΙ

578 1041 827 1108 SILVARUM
855 1041 902 1106 V.
926 1045 958 1105 t.

640 1386 698 1452 Ad
718 1390 899 1452 Somnum.

257 1543 399 1611 Crimine
421 1565 486 1629 qim
509 1543 633 1620 merui,
657 1542 780 1608 iuvenis
803 1542 1011 1627 placidissime
1034 1543 1161 1620 divom,

215 1649 332 1728 Quove
355 1668 467 1712 errore
488 1645 602 1724 miser,
628 1646 718 1710 donis
741 1657 776 1710 ut
797 1648 886 1711 solus
908 1667 1058 1731 egerem,

215 1751 353 1827 Somne,
375 1749 463 1813 tuis?
486 1752 588 1812 'facet
610 1769 704 1814 omne
724 1770 824 1832 pecua
845 1749 1060 1831 volucresque
1081 1747 1254 1831 feraeque,

214 1849 259 1914 Et
281 1851 427 1914 simulant
447 1849 550 1916 fessos
572 1861 705 1914 curvata
727 1837 889 1918 caeumina
911 1869 1054 1914 somnos.

215 1954 286 2017 Nee
308 1952 451 2016 trurihua
471 1952 577 2016 fluviis
599 1951 680 2016 idem
702 1973 821 2027 sonus5
845 1951 962 2016 oceidit
984 1953 1106 2015 horror
1319 1955 1338 2015 5

214 2051 378 2136 Aequoris
402 2063 434 2117 et
455 2053 548 2117 terris
570 2054 669 2118 maria
690 2054 845 2128 adclinata
867 2053 1046 2138 quiescunt.

215 2154 357 2238 Septima
379 2155 438 2218 iam
460 2155 587 2219 rediens
609 2156 744 2221 Phoebe
767 2155 844 2219 mihi
864 2153 994 2237 respicit
1015 2174 1129 2238 aegras

217 2259 309 2321 Stare
331 2278 450 2341 genas3
473 2257 606 2332 totidem
632 2259 773 2330 Oetaeae
795 2256 1001 2348 Paphiaeque
1023 2253 1165 2332 revisunt

215 2359 396 2441 Lampeties
419 2371 450 2423 et
472 2359 566 2424 toties
588 2371 718 2424 nostros
741 2358 894 2424 Tithonia
917 2369 1048 2442 questus

192 2461 377 2540 Praeterit
399 2473 430 2524 et
453 2461 559 2547 gelido
582 2461 705 2547 spargit
728 2461 874 2525 miserata
895 2460 1037 2546 flagello.
1296 2463 1340 2526 10

217 2565 309 2628 Unde
331 2584 395 2648 ego
417 2563 592 2628 sufficiam?
614 2586 678 2629 noo
701 2564 727 2628 si
750 2563 823 2627 mihi
844 2563 961 2626 lumina
984 2561 1084 2639 mille,

218 2666 308 2745 Quae
331 2687 421 2729 sacer
443 2667 562 2732 alterna
584 2678 704 2730 tautum
727 2666 863 2730 statione
885 2665 1013 2729 tenebat

217 2768 331 2852 Argus
354 2778 386 2830 et
407 2769 492 2840 haud
513 2791 649 2853 unquam
674 2766 827 2854 vigilabat
849 2788 990 2848 corpore
1012 2776 1096 2840 toto.

106 2943 110 2958 J
217 2870 261 2932 Et
284 2891 366 2931 nuno
386 2869 457 2933 iore
481 2870 592 2955 aliquis
615 2872 713 2955 longa
735 2871 795 2932 sub
818 2881 914 2934 nocte
936 2868 1061 2952 puellae

217 2971 355 3034 Brachia
378 2993 458 3034 nexa
482 2983 592 3036 tenens
614 2973 701 3037 ultro
722 2983 773 3049 te,
798 2973 934 3048 Somne,
958 2971 1098 3058 repellit.
1297 2974 1337 3052 dp

219 3073 297 3135 lude
321 3073 413 3148 veni;
437 3084 549 3138 necte
572 3085 657 3138 totas
678 3073 846 3137 infundere
868 3093 987 3156 pennas

219 3174 409 3239 Luminibus
431 3177 590 3260 compello
613 3176 713 3250 meis;
738 3177 864 3240 -hoe
886 3177 980 3238 turha
1002 3186 1150 3258 precetur

219 3276 354 3340 Laetior
375 3309 416 3323 -
437 3263 587 3343 εκινειηό
606 3300 655 3342 me
677 3289 773 3361 tange
795 3277 958 3350 cartamine
980 3276 1116 3362 virgae,
1141 3308 1181 3320 -

222 3378 343 3442 Sufficit
365 3415 405 3426 —-
429 3392 482 3443 aut
503 3380 619 3456 ieviter
640 3401 795 3462 suspenso
818 3379 940 3462 poplite
962 3379 1072 3444 transi.

624 3610 730 3666 sparu
750 3608 831 3655 suv.
851 3611 883 3653 v.
904 3605 929 3653 t.

294 3723 318 3767 1.
337 3725 427 3776 rigasti.
446 3725 587 3784 distinguit:
607 3725 689 3769 merui
705 3725 817 3779 invenie,
832 3723 1020 3783 placidissime.
1057 3725 1104 3769 Sed
1125 3736 1163 3767 rr.
1183 3723 1282 3769 iurante
1299 3749 1340 3780 ρ,-

221 3792 300 3837 ruiaar
327 3794 393 3838 nullo
417 3799 485 3849 paeto
510 3796 605 3838 eoe'unt.
655 3791 679 3838 8.
708 3791 826 3851 Oatnene]
847 3792 935 3850 Catuttp.
957 3791 1006 3848 62,
1028 3789 1052 3838 7.
1089 3791 1216 3850 Nimirum
1234 3790 1341 3844 Oetosoe

221 3861 329 3906 ostendit
345 3861 475 3919 Hesperus
493 3863 587 3923 ignea;
617 3862 646 3906 ah
665 3862 726 3918 Oeta
744 3864 816 3909 vetuti
838 3863 930 3922 oriens,
972 3859 1084 3928 Paphios
1100 3877 1175 3918 vero,
1196 3864 1251 3921 quia
1270 3862 1340 3908 Lusi·

221 3929 259 3973 fer
283 3932 386 3976 Veneris
413 3933 492 3980 stella.
540 3933 620 3993 Magis
638 3938 717 3980 autem
738 3938 883 3987 noeturnae,
915 3945 974 3989 quae
995 3925 1161 3986 desideratur,=
1190 3932 1265 3990 quieti
1284 3945 1340 3977 eon-

223 4000 363 4044 seotaneum
393 4005 447 4056 est,
481 4003 504 4044 h.
525 4002 560 4055 1.,
590 4006 614 4044 ut
634 4003 694 4056 apud
722 4002 857 4057 Catullum,
890 3999 993 4046 Oetaeas
1021 4002 1141 4057 tampades
1162 4002 1190 4046 de
1214 4001 1339 4056 Hespero,

219 4066 326 4121 Paphias
350 4069 378 4112 de
397 4069 509 4119 Lucifero
527 4070 682 4130 intelligere,
714 4084 784 4128 qnpm
806 4071 952 4120 contrariam
973 4071 1092 4115 rationem
1112 4070 1179 4127 sequi
1205 4082 1259 4114 eum
1277 4069 1341 4115 Gro-

222 4135 294 4179 novio
321 4137 350 4180 ad
380 4137 436 4181 Seu.
465 4139 538 4183 flere.
559 4131 609 4183 fnr'.
633 4153 655 4184 r.
678 4130 737 4183 132.
786 4139 901 4195 Ceterum
921 4140 1012 4198 Mariti.
1038 4140 1062 4183 in
1084 4138 1203 4184 Addendis
1224 4152 1253 4195 p.
1279 4137 1339 4190 ³49.

221 4205 286 4247 roni.
305 4212 447 4250 recursant.
486 4204 527 4253 10.
547 4209 581 4255 id.
602 4209 701 4268 tongi&
720 4210 800 4256 sedin
821 4209 894 4255 verho
907 4210 1009 4269 spargit
1030 4209 1093 4253 inest
1110 4209 1178 4252 notio
1200 4209 1266 4253 roris
1289 4223 1340 4252 ma-

211 4272 299 4320 mutini.
346 4269 390 4318 12.
420 4274 526 4320 fleins.:
550 4271 621 4334 roser
647 4278 747 4330 niteram
761 4283 836 4329 roseta
859 4277 888 4328 iar
915 4283 1032 4325 stottona.
1052 4273 1124 4336 roser
1141 4277 1227 4334 prohat
1247 4278 1339 4322 Markt.
