2948 4820
11 4169 13 4210 l

1190 185 1251 250 359

135 343 248 424 Deque
271 342 403 426 gemmis
425 346 527 429 «loque
548 345 680 408 flammis
704 349 805 429 deque
827 344 912 409 Solis
935 343 1105 426 purpuris,
1238 419 1241 423 ¹

137 444 219 508 Cras
242 447 412 520 ruborem,
436 446 492 528 qui
512 447 632 510 latebat
652 460 741 511 veste
763 457 866 510 tectus
883 447 995 531 ignea,
1209 447 1250 510 25

136 545 240 610 Unico
264 547 375 609 urarita
397 551 484 613 nodo
506 570 570 612 non
592 550 723 631 pudebit
746 550 887 612 solvere.
1142 628 1146 633 .

177 649 259 714 Cras
275 662 375 725 amet,
393 651 448 734 qui
464 673 622 734 utruquam
637 650 771 726 amavit;
789 652 907 736 quique
922 650 1054 732 amavit,
1070 671 1140 714 cras
1153 661 1248 713 amet.

134 755 217 843 Ipsa
233 755 398 834 Nymphas
420 753 504 832 Diva
528 755 602 816 luco
624 753 713 816 iussit
735 753 789 829 ire
804 765 940 832 myrteo.
1253 749 1256 756 ’

135 857 165 918 It
186 877 267 937 puer
289 870 395 919 eomes
417 855 551 937 puellis:
585 877 643 918 nee
665 866 767 917 tannen
790 854 877 918 credi
898 867 1023 936 potest,-
1071 933 1072 937 Ἰ

115 961 214 1021 ‚Esse
236 979 377 1020 amorem
400 957 565 1032 feriatum,
590 958 616 1019 si
637 957 770 1042 sagittas
793 955 930 1020 vexerit.
1210 959 1252 1018 30

134 1061 203 1134 Ito,
228 1061 414 1140 Nymphae;
437 1059 545 1140 posuit
567 1080 671 1133 arma,
695 1057 827 1120 feriatus
851 1071 898 1120 est
920 1059 1045 1122 Amor.

133 1162 242 1223 Iussus
265 1171 312 1222 est
334 1149 461 1222 irtel-mis
483 1160 547 1237 ire,
572 1163 672 1222 nttdus
694 1160 741 1222 ire
763 1159 866 1222 iussus
889 1171 954 1235 est,

133 1265 205 1325 Neu
227 1263 303 1344 quid
324 1283 402 1326 arcu
421 1283 484 1325 neta
505 1261 619 1346 sagitta
641 1283 703 1324 neu
725 1261 803 1344 quid
824 1260 900 1342 igne
921 1262 1080 1324 laederet:

133 1365 197 1427 Sed
218 1375 323 1426 tamen
345 1375 477 1441 cavete,
501 1365 686 1446 Nymphae,
711 1365 798 1446 quod
821 1361 948 1444 Cupido
971 1363 1108 1446 pulcher
1128 1376 1193 1438 est3

134 1468 237 1529 Totus
260 1474 313 1528 est
330 1465 458 1528 inermis
481 1465 733 1548 idem,„quanto
757 1467 856 1526 nudus
878 1476 948 1538 est,
973 1465 1090 1527 Aruer.
1207 1467 1246 1530 35

174 1565 255 1630 Cras
271 1578 370 1642 amet,
388 1567 442 1651 qui
457 1588 615 1650 nunquam
631 1567 749 1628 amavit
762 1586 771 1638 ;
784 1566 903 1649 quique
918 1567 1051 1652 erravit,
1068 1588 1139 1630 cras
1151 1579 1245 1632 umet.

133 1668 287 1751 Compari
308 1672 420 1732 Venus
443 1671 566 1750 pudore
589 1667 682 1730 mittit
704 1671 742 1730 ad
765 1680 794 1730 te
820 1667 983 1750 virgines:

131 1767 201 1834 ilua
223 1792 275 1833 res
298 1782 361 1847 est,
386 1791 480 1855 quam
502 1791 674 1854 rogamus:
697 1773 794 1846 cede,
821 1769 914 1852 virgo
936 1769 1047 1849 Delia,

131 1875 176 1936 Ut
198 1893 306 1935 nouum
328 1871 367 1935 sit
389 1871 585 1936 incruentum
608 1871 779 1935 deformis
802 1872 977 1954 stragibus.

130 1975 204 2055 Ipsa
227 1974 325 2037 vellet
346 1985 378 2037 te
399 1995 540 2058 rogare,
564 1973 591 2036 si
612 1974 756 2054 pudicam
779 1975 940 2046 flecterem

131 2077 206 2158 Ipsa
230 2077 345 2154 uellet,
370 2089 404 2139 ut
425 2077 571 2152 venires,
596 2077 622 2139 si
644 2080 772 2138 deceret
795 2075 975 2158 virginema

130 2180 196 2241 lam
220 2178 322 2241 tribus
345 2179 465 2242 choros
487 2177 614 2240 videres
636 2173 939 2255 feriatos-noctibus

130 2280 320 2364 Congreges
342 2281 425 2343 iuter
448 2292 590 2343 catervas
613 2281 660 2343 ire
682 2301 743 2361 per
764 2280 862 2342 saltus
884 2290 974 2355 tuos,

129 2383 263 2446 Floreas
285 2381 367 2446 iuter
389 2403 547 2458 coronas,
572 2392 710 2462 myrteas
733 2382 814 2444 inter
836 2400 947 2454 easas;

127 2487 199 2548 Neo
221 2483 323 2548 Ceres
345 2504 404 2548 neo
426 2485 571 2546 Baeolms
594 2486 707 2546 absunt
728 2505 787 2546 neo
808 2485 976 2564 poetarum
998 2483 1099 2547 Deus.
1202 2483 1242 2548 te

127 2586 243 2650 Dotine
265 2597 312 2660 te;
335 2596 404 2651 tota
426 2608 492 2649 nox
515 2596 563 2648 est
585 2585 791 2668 perviglanda
815 2583 966 2648 canticis:

127 2691 255 2771 Regoet
278 2687 308 2750 in
331 2686 419 2750 silvis
441 2687 567 2762 Dionem
590 2690 778 2763 turecede,
802 2685 911 2750 Delia.

168 2789 250 2854 Cras
266 2801 366 2868 amet,
384 2789 439 2874 qui
451 2810 609 2872 ultraquam
625 2788 757 2863 arnavit3
774 2787 892 2873 quique
904 2785 1039 2865 amavit,
1057 2809 1127 2851 cras
1143 2799 1238 2853 amet.

11 2961 12 2968 .
124 2891 221 2955 lussit
242 2893 396 2973 Hyblaeis
419 2891 556 2955 tribunal
578 2902 662 2952 stare
683 2889 769 2952 Diva
790 2889 942 2954 llorihrtst

11 2977 12 3070 l
125 2995 261 3057 Praeses
284 2993 352 3076 ipsa
374 2994 442 3056 iura
464 2993 564 3068 dicet,
588 2991 768 3055 assidebunt
791 2991 935 3056 Gratiae.
1184 2994 1239 3056 150

11 3093 12 3102 ¹
124 3096 252 3176 Hybla,
278 3107 367 3159 totos
388 3095 484 3158 funde
506 3095 620 3169 flores,
647 3093 799 3178 quidquid
821 3115 918 3156 anum
941 3095 1068 3158 attulit:
1120 3144 1125 3152 .

11 3209 12 3248 1
123 3199 249 3278 Hybla,
272 3198 388 3261 florum
410 3218 523 3278 rumpe
546 3207 682 3270 vestem,
708 3208 842 3278 quantus
865 3187 976 3260 E'nnae
998 3217 1126 3280 eatupus
1151 3207 1211 3259 ost.

123 3298 223 3363 Ruris
245 3300 297 3360 hle
319 3309 412 3362 eruut
433 3299 556 3378 puellae
579 3302 630 3359 vel
652 3297 775 3378 puellae
798 3297 969 3370 montium3
1133 3386 1136 3390 v

123 3404 280 3485 Quaeque
302 3399 398 3462 silvas
420 3419 563 3482 quaeque
585 3399 676 3480 lucos
698 3417 843 3480 quamque
865 3399 971 3460 sontes
993 3396 1151 3472 incultum

11 3507 12 3578 l
122 3501 222 3566 lussit
244 3523 353 3566 omues
375 3501 514 3564 assidere
537 3501 626 3582 pueri
650 3511 749 3560 mater
771 3497 873 3576 alitis,
1196 3501 1236 3563 55

122 3605 221 3669 lussit
242 3615 275 3668 et
297 3608 382 3666 nudo
405 3603 526 3686 puellas
550 3601 592 3664 nil
616 3599 733 3664 Amori
754 3603 898 3666 credere.

167 3707 248 3774 Cras
265 3717 365 3781 amet,
383 3704 439 3788 qui
454 3723 611 3788 utinquam
628 3701 761 3776 amavit3
777 3701 893 3784 quique
906 3700 1039 3778 amavit,
1056 3721 1127 3764 cras
1140 3714 1233 3781 atum,

11 3805 12 3822 ¹
121 3812 167 3873 Et
188 3809 369 3871 recentibus
385 3807 532 3868 virentes
554 3808 649 3868 diicat
672 3806 800 3866 umbras
821 3802 968 3867 floribus.
1215 3793 1218 3802 ¹

121 3911 206 3976 Cras
228 3910 306 3985 erit,
331 3930 396 3994 quo
418 3906 538 3990 primus
560 3908 683 3971 Aether
706 3904 867 3988 copulavit
889 3903 1024 3986 nuptias.

190 4035 233 4081 28.
254 4033 358 4094 nrmsos
377 4035 419 4079 W.
468 4031 509 4078 3¹.
529 4029 633 4092 nyenfas
651 4034 694 4082 W.
743 4029 785 4076 st.
804 4043 831 4074 n.
850 4035 933 4074 cauete
951 4030 993 4073 W.
1013 4031 1038 4073 S.
1069 4025 1136 4082 ’35,.
1157 4029 1235 4074 Totus

118 4111 157 4150 ert
175 4106 202 4150 t'n
215 4105 297 4149 armis
310 4106 352 4149 W.
371 4099 474 4150 solist
490 4103 518 4147 in
531 4115 611 4146 ormte
628 4108 694 4146 totus
707 4100 852 4146 Scriverius.
890 4095 932 4142 40.
952 4111 1058 4157 erogare
1078 4099 1102 4141 S.
1142 4095 1233 4154 ihsa-

118 4176 217 4220 m'uutee
235 4175 269 4217 W
298 4176 324 4218 S.
345 4172 419 4217 Weh.
458 4169 499 4215 46.
519 4171 557 4214 De
576 4177 671 4216 tenente
690 4176 708 4214 l.
729 4171 771 4214 W.
791 4171 816 4214 S.
855 4163 897 4214 51.
917 4172 1030 4226 quotquot
1048 4167 1089 4210 W.
1128 4165 1168 4212 52.
1186 4166 1234 4228 flo-

119 4257 175 4288 rum
194 4257 271 4302 super
291 4249 317 4288 ut
334 4246 417 4287 exstet
435 4241 477 4285 W.
515 4240 551 4284 lb.
571 4239 663 4285 Aetnae
685 4240 711 4284 S.
