2948 4820
125 393 233 457 Exciti
257 395 433 480 voltusque
456 393 485 457 in
510 411 667 458 marmore
690 396 779 462 sudat
801 390 936 456 Elissae.

126 495 284 558 Hannibal
308 498 387 558 haee
407 495 512 578 patrio
534 495 622 559 iussn
645 498 686 557 ad
709 492 882 576 penetralia
906 492 1028 567 fertur,

126 596 329 680 lngressique
352 597 478 659 habitus
501 607 596 681 atque
619 617 676 659 ora
699 596 849 678 explorat
871 591 1047 656 Hamilcar.

125 699 199 759 Non
223 697 275 760 ille
297 697 417 762 euantis
441 699 603 777 Massylae
622 698 737 778 palluit
761 693 843 769 iras,
1049 700 1053 706 '

127 799 201 860 Non
225 798 311 862 diros
334 799 442 881 templi
463 799 548 861 ritus
571 819 765 882 aspersaque
789 801 865 859 tabo

127 899 249 961 Limina
274 912 305 963 et
328 901 434 964 audito
458 912 624 984 surgentes
647 900 785 963 carmine
807 899 959 962 flammas.

128 999 193 1065 Olli
217 1003 415 1083 permulcens
439 1003 566 1088 genitor
589 1012 684 1084 caput
708 1003 815 1064 oscula
839 999 917 1062 libat

125 1103 318 1187 Attollitque
342 1097 461 1166 animos
483 1105 642 1166 hortando
667 1115 697 1165 ct
720 1102 835 1165 talibus
859 1101 987 1183 implet:

126 1249 139 1276 „
150 1205 236 1266 Gens
259 1205 397 1267 recidiva
419 1207 586 1288 Phrygum
612 1203 770 1268 Cadmeae
793 1201 902 1284 ellepis
925 1203 1068 1265 alumnos
1116 1233 1128 1246 π

127 1305 327 1370 Foederibus
350 1328 413 1372 non
437 1317 535 1388 aequa
559 1307 694 1388 premit:
720 1305 747 1366 si
768 1303 833 1366 sata
857 1303 1003 1388 negarint

126 1408 273 1470 Dedecus
296 1409 328 1470 id
350 1407 470 1489 patriae
485 1417 603 1470 'nostra
627 1407 785 1488 depellere
808 1407 939 1479 dextra,

125 1509 215 1571 Haeo
238 1515 289 1570 tua
312 1508 353 1571 sit
376 1511 460 1583 laus,
486 1503 572 1584 nate,
600 1509 695 1570 velis!
732 1509 823 1590 Age,
849 1506 981 1586 concipe
1003 1503 1089 1568 bella

125 1611 247 1672 Latnra
271 1609 399 1672 exitimn
423 1599 660 1673 Laurentibus:
684 1597 816 1686 horrent
838 1617 928 1670 ortus

126 1711 193 1772 lam
216 1713 317 1793 pubes
341 1713 507 1790 Tyrrhena
530 1723 603 1774 tuos
626 1722 798 1792 partusque
821 1717 967 1771 recusent

128 1813 176 1874 Tc
199 1824 366 1896 surgente,
390 1831 490 1895 puer,
515 1811 630 1876 Latiae
652 1815 832 1895 producere
857 1811 1007 1900 matres.''

166 1913 229 1976 His
252 1914 334 1976 seuit
357 1914 488 1977 stimulis
512 1915 689 1998 subicitque
712 1915 795 1975 haud
818 1897 922 1974 mollis
947 1907 1054 1973 dictus

126 2015 317 2087 „Romanos
341 2028 425 2079 terra
448 2025 541 2099 atquc
566 2017 674 2089 undis,
700 2016 754 2078 ubi
781 2023 939 2094 competet
962 2024 1068 2088 aetas,

127 2116 232 2178 Ferro
255 2117 383 2201 ignique
406 2139 523 2200 sequar
545 2119 755 2201 Rhoeteaque
777 2117 841 2178 lata
865 2115 1045 2177 revolvam.

128 2219 205 2280 Non
227 2219 336 2300 superi
359 2219 452 2295 mihi,
478 2239 540 2282 non
565 2221 703 2282 illactem
729 2217 907 2281 cohibentia
932 2226 1041 2296 pacta,
1141 2242 1143 2250 ·

128 2321 203 2382 Non
227 2320 329 2382 celsae
353 2321 535 2387 obstiterint
558 2322 658 2402 Alpes
682 2319 883 2402 'l'nrpciaqne
906 2335 996 2379 saxa.

127 2422 222 2483 Hanc
245 2433 377 2484 mentem
400 2422 474 2488 iuro
498 2423 599 2486 nostri
621 2445 679 2504 per
703 2423 827 2484 nmmos
851 2419 983 2494 Martis,

126 2523 192 2586 Per
218 2544 341 2600 manes,
367 2525 498 2610 regina,
523 2523 632 2589 tuos.’'
677 2527 769 2588 'l'unc
793 2523 883 2604 nigra
908 2511 1046 2583 triformi

111 2623 244 2687 Hostia
267 2613 424 2690 mactatur
446 2626 550 2690 Divae
574 2625 753 2710 raptimque
775 2622 910 2688 'recludit

126 2725 292 2807 Spirantcs
314 2738 401 2790 artus
424 2748 560 2811 poscens
582 2747 737 2810 responsa
757 2730 907 2790 sacerdos

125 2828 178 2892 Ac
200 2827 373 2911 fugientem
399 2829 530 2892 animam
553 2829 736 2912 properatis
759 2829 893 2891 consulit
916 2827 1011 2890 extis.

169 2930 233 2994 Ast
254 2930 309 2992 nbi
332 2932 489 3014 quaesitas
512 2933 587 2995 artis
610 2935 648 2994 de
671 2951 759 2995 more
784 2917 909 2993 vetusto

126 3031 266 3095 Intravit
289 3037 408 3095 mentes
431 3037 600 3114 superum,
626 3033 671 3096 sic
693 3033 803 3096 deinde
825 3031 993 3114 prolatura

126 3135 291 3206 „Aetolos
314 3135 375 3197 late
399 3136 560 3198 consterni
583 3135 679 3198 milite
702 3156 832 3218 campos
925 3148 928 3157 “

127 3235 291 3318 Idaeoque
315 3236 400 3299 lacus
422 3237 596 3319 flagrantes
620 3238 772 3322 sanguiue
795 3255 906 3299 cerno.

129 3337 258 3415 Quanta
281 3339 395 3418 procul
419 3340 518 3403 moles
541 3339 681 3422 seopulis
704 3339 744 3401 ad
766 3337 867 3400 sidera
891 3333 1001 3412 tendit,

129 3437 231 3501 Cuius
254 3437 283 3500 in
308 3439 398 3502 ae’rio
423 3444 559 3522 pendent
582 3454 633 3505 tna
658 3440 777 3505 vertice
801 3441 921 3504 castrat

130 3539 264 3624 larisque
286 3539 367 3625 iugis
391 3563 503 3626 agmen
525 3544 665 3625 rapitur,
691 3541 878 3624 trepidantia
902 3541 1024 3603 lumant

127 3640 261 3704 Moenia
285 3653 317 3703 et
340 3644 500 3724 Hesperio
523 3647 614 3709 tellus
636 3657 787 3730 porrecta
809 3646 873 3706 sub·
891 3664 951 3704 axe

130 3742 270 3805 Sidoniis
294 3743 380 3806 lucet
402 3746 552 3822 flarntnis3
589 3749 659 3810 fluit
681 3771 755 3812 ecce
778 3759 926 3808 eruentus

129 3843 309 3917 Eridanus,
335 3845 415 3908 iacet
439 3868 496 3909 ore
521 3850 602 3912 truci
625 3872 722 3932 super
745 3870 828 3911 arma
854 3847 1023 3930 virosque,

130 3945 241 4009 'l'ertia
265 3945 320 4028 qui
342 3949 450 4010 tulerit
472 3951 613 4014 sublimis
636 3954 740 4034 opima
764 3951 915 4014 'sonanti

130 4050 223 4111 Heu!
247 4071 400 4132 quaenam
424 4052 538 4115 subitis
560 4055 717 4116 horrescit
739 4055 862 4116 turbida
887 4050 998 4112 nimbis

130 4154 323 4231 'l'ernpestas
346 4164 506 4236 ruptoque
529 4155 606 4235 polo
631 4156 723 4218 inient
746 4155 855 4239 igneus
879 4151 1015 4215 aether?

132 4255 255 4336 lllagua
280 4267 395 4343 parant
417 4257 545 4340 superi:
568 4269 656 4324 tonat
679 4259 733 4324 alti
755 4258 841 4342 regia
865 4256 961 4334 carli,

172 4357 263 4412 Erlogae
278 4356 333 4398 t'ou.
349 4359 394 4400 tar.
