2952 4826
232 176 295 268 'aa

315 336 414 412 Nam,
447 337 539 422 quod¹
556 353 649 418 saepe
671 332 816 408 homines
838 335 970 399 morbos
992 332 1092 418 magis
1113 353 1184 398 csse
1203 331 1359 399 timendos

251 436 469 523 Infamemque
490 438 597 501 serunt
618 435 719 510 vitam,
736 457 828 521 quam
851 446 971 499 tartara
991 435 1066 512 leti;

249 541 294 603 Et
315 561 349 603 se
371 539 455 605 scire
477 539 596 604 animae
618 549 760 602 naturam
784 537 944 624 sanguinis
965 559 1035 602 esse

249 642 318 704 Aut
341 641 434 706 ctiam
456 642 560 718 venti,
584 641 611 706 si
631 641 697 705 sert
717 640 761 704 ita
782 641 869 706 sorte
891 640 1056 716 voluntas,

249 744 320 806 Nec
343 766 493 827 prorsum
515 743 687 831 quidquam
710 753 838 807 nostrae
860 741 993 811 rationis
1015 763 1129 827 egere:

250 843 338 908 Hinc
361 845 437 909 licet
459 849 610 911 advortas
633 845 769 909 animum
789 841 888 928 magis
906 840 1012 907 omnia
1032 841 1133 904 laudis

248 947 366 1011 lactari
390 970 517 1025 caussa,
539 969 632 1035 quam
656 950 745 1032 quod
764 967 816 1010 res
837 945 907 1027 ipsa
927 944 1105 1027 probetur:

248 1051 409 1115 Extorres
431 1053 513 1115 idem
534 1049 639 1134 patria
659 1049 819 1134 longeque
840 1045 964 1133 fugatei

232 1150 434 1233 'Conspectu
456 1175 496 1217 ex
519 1151 699 1228 hominnm,
721 1148 861 1215 foedatei
883 1147 1014 1222 crimine
1036 1146 1141 1230 turpi,

248 1253 403 1319 Omnibus
426 1253 584 1318 aerumnis
607 1251 732 1318 affectei
754 1250 906 1336 denique,
930 1249 1059 1336 vivunt3

246 1356 291 1418 Et
311 1377 539 1442 quoquumque
561 1368 664 1421 tamen
687 1353 814 1418 ruiserei
835 1374 966 1429 venere,
989 1361 1157 1434 parentant

246 1457 290 1519 Et
312 1456 420 1542 nigras
442 1469 578 1522 mactant
598 1461 736 1542 pecudes
758 1468 789 1519 et
810 1454 947 1518 manibu’
971 1451 1054 1517 divis
1142 1521 1145 1532 ,

246 1558 385 1622 Inferias
409 1561 550 1636 mittunt;
572 1561 735 1645 multoque
756 1557 789 1621 in
810 1561 906 1621 rebus
928 1554 1052 1619 acerbis

244 1660 365 1724 Acrius
387 1665 560 1726 advortunt
582 1660 707 1726 animos
728 1663 767 1723 ad
788 1659 993 1744 religionem.

215 1751 218 1758 ¹
247 1762 322 1843 Quo
344 1763 446 1847 magis
467 1762 499 1826 in
522 1761 626 1826 dubiis
648 1761 807 1828 hominem
830 1771 975 1844 spectare
997 1759 1129 1842 periclis

246 1862 408 1929 Convenit
430 1864 641 1950 advorsisqne
662 1864 695 1928 in
716 1866 812 1929 rebus
833 1884 989 1939 noscere,
1012 1861 1090 1946 quid
1112 1862 1170 1928 sit:
1205 1861 1209 1869 ’

244 1968 328 2029 Nam
349 1988 445 2032 verae
465 1990 562 2032 voces
585 1979 651 2030 tum
673 1970 796 2030 demum
818 1975 953 2048 pectore
976 1967 1016 2027 ab
1039 1964 1104 2030 imo

244 2066 428 2131 Eliciuutnr
450 2078 482 2132 et
501 2066 638 2150 eripitur
659 2088 814 2150 persona,
838 2078 942 2131 manet
963 2088 1028 2132 res.

306 2168 453 2255 Denique
475 2169 627 2233 avarities
648 2172 860 2234 othonorum
884 2191 979 2234 caeca
1002 2168 1137 2252 cupido,

245 2271 335 2352 Quae
358 2271 493 2336 miseros
513 2271 660 2336 homines
683 2282 804 2358 cogunt
824 2275 1047 2336 transcendere
1067 2271 1157 2335 fineis

243 2372 328 2438 Iuris
347 2385 378 2438 et
399 2373 556 2440 interdum
579 2372 688 2438 socios
708 2375 862 2439 scelerum
886 2385 980 2460 atque
1003 2372 1167 2439 ministros

243 2475 380 2540 Nocteis
402 2487 498 2562 atque
518 2476 584 2541 dies
605 2475 863 2560 nitipraestante
885 2474 998 2541 labore

242 2581 296 2641 Ad
318 2600 452 2641 summas
475 2601 640 2664 emergere
663 2599 763 2662 opes:
787 2581 868 2644 haec
891 2579 1024 2643 volnera
1047 2577 1131 2643 vitae

241 2682 319 2743 Non
339 2679 507 2744 minumam
528 2692 651 2765 partem
674 2680 788 2745 mortis
810 2680 984 2766 formidine
1008 2682 1146 2746 aluntur.

243 2781 365 2865 Turpis
388 2782 470 2846 enim
492 2784 593 2848 ferme
615 2795 815 2866 contemptus
837 2795 868 2848 et
891 2782 973 2847 acris
994 2794 1118 2867 egestas
1311 2791 1351 2852 65

242 2885 372 2948 Sernota
393 2887 433 2948 ab
457 2886 543 2951 dulci
566 2885 631 2949 vita
651 2884 820 2969 stabilique
843 2884 989 2950 videntur

241 2989 286 3051 Et
303 2985 394 3072 quasi
415 2987 478 3051 iam
501 2987 558 3052 leti
577 2999 690 3071 portas
713 2985 893 3050 cunctarier
915 2996 999 3052 ante.

241 3091 334 3154 Unde
355 3088 516 3166 homines,
539 3092 612 3152 dum
635 3073 668 3152 se
689 3087 772 3153 falso
795 3099 923 3153 terrore
946 3090 1069 3155 coactei

242 3189 403 3276 Effugisse
425 3191 538 3257 volunt
559 3189 657 3276 longe
679 3189 843 3278 longeque
865 3212 1023 3270 remossc,

293 3341 335 3391 43.
355 3345 534 3390 ouimoeWak.
543 3345 689 3393 eoui.Forb.
709 3369 742 3380 -
759 3347 906 3396 ouims'Cdd.
915 3333 1032 3404 (etiamC.
1041 3347 1084 3404 E.)
1092 3349 1182 3409 Vulgo.
1219 3347 1261 3397 66.
1273 3351 1349 3399 Codri.

240 3421 264 3461 et
275 3416 336 3462 Eat.
350 3421 494 3477 postponunt
504 3429 528 3460 r.
543 3412 585 3460 46.
602 3421 626 3461 et
637 3416 755 3473 explicant
768 3417 892 3477 gloriolae
901 3448 907 3472 ‚
914 3413 986 3476 sumi
999 3431 1079 3464 causa.
1102 3418 1221 3465 drausius
1233 3435 1262 3466 ex
1277 3423 1351 3480 inter-

238 3488 358 3542 polatione
374 3487 438 3530 dedit
452 3484 502 3531 Aut
516 3485 592 3530 uetiti.
628 3486 674 3532 Sed
690 3487 786 3546 egregia
802 3487 842 3530 itta
860 3488 1016 3543 transpositio
1031 3489 1139 3533 Bentleio
1154 3489 1261 3535 debetur.
1292 3491 1351 3536 Em.

237 3557 349 3611 pedoctes
373 3568 395 3600 v.
424 3552 483 3601 317.
509 3556 545 3600 St.
569 3545 645 3618 αἷμα
666 3549 723 3626 γὰρ
745 3551 913 3625 ἀνθρώποις
935 3552 1123 3628 περικάρδιόν
1152 3554 1216 3608 ἐστι
1238 3555 1351 3624 νόημα.

239 3625 291 3671 Cic.
302 3627 375 3670 Tnsc.
386 3625 407 3670 1.
425 3623 449 3671 9.
480 3623 643 3683 Empedocles
659 3626 772 3670 animum
790 3639 844 3670 esse
864 3633 948 3671 censet
960 3626 1034 3692 cordi
1049 3625 1173 3688 suffusum
1187 3630 1349 3689 sanguinem.

237 3693 356 3740 Animum
373 3699 456 3738 autem
467 3695 516 3739 olii
531 3694 657 3748 animum,
677 3691 773 3752 uisere
788 3695 878 3743 nostri.
898 3695 935 3742 ib.
955 3694 1029 3740 corde
1046 3710 1090 3752 pro
1101 3694 1174 3756 sorte
1186 3697 1216 3742 E.
1228 3712 1241 3742 a
1254 3713 1303 3743 sec.
1314 3712 1351 3747 m.

239 3761 281 3812 47.
300 3760 407 3816 Causam
419 3765 461 3809 W.
479 3763 585 3810 exlidd.
602 3769 659 3810 vett.
697 3760 739 3809 52.
759 3770 784 3809 et
794 3763 909 3809 munibus
921 3764 981 3808 imis
993 3765 1022 3810 C.
1060 3763 1102 3812 5⁶.
1122 3765 1183 3826 quid
1196 3765 1348 3818 sitstr.

238 3817 496 3880 Ven.W.Eicbst.F.
516 3857 549 3871 -·
574 3834 617 3893 qur'
633 3833 668 3878 sit
682 3832 712 3881 E.
726 3834 793 3879 Brix.
808 3834 838 3879 1..
852 3835 882 3879 fl.
902 3853 935 3866 -
959 3835 1014 3893 quis
1032 3835 1068 3878 sit
1082 3835 1111 3881 C.
1131 3859 1165 3871 -
1188 3837 1349 3895 quisiutdr.

237 3902 268 3947 Ρ.
282 3902 313 3948 Α.
331 3904 370 3960 qni
386 3917 440 3948 cunr
455 3904 515 3949 Cdd.
529 3903 558 3948 C.
571 3902 602 3948 E.
614 3916 637 3950 v.
647 3900 689 3949 ⁵5.
705 3903 793 3949 babent
807 3901 928 3949 homines.
973 3901 1015 3950 61.
1035 3905 1204 3965 scelerumque
1217 3906 1350 3952 tministros

240 3972 269 4017 C.
288 3995 321 4006 -··
338 3973 490 4036 scelerisque
501 3972 633 4018 ministros
647 3972 742 4019 volebat
760 3974 833 4020 Wak.
850 3988 862 4018 e
881 3975 1017 4029 corruptela
1034 3972 1095 4019 Cid.
1116 3979 1140 4021 st
1156 3975 1223 4020 Bria.
1240 3975 1346 4024 sceleris

238 4047 321 4101 utque.
369 4037 410 4086 64.
430 4043 560 4088 minimam
574 4043 709 4100 importem
725 4043 771 4101 C.;
802 4048 827 4088 nt
847 4044 925 4106 soient
945 4044 984 4089 isti
999 4044 1127 4104 accusativi
1143 4057 1156 4088 a
1172 4043 1277 4090 librariis
1293 4058 1350 4092 cor-

238 4112 316 4166 rumpi
328 4111 423 4156 insartis
437 4125 561 4168 praeposs.
573 4110 607 4158 ud
617 4113 653 4157 ret
669 4113 696 4156 in
703 4143 711 4167 ,
730 4113 865 4160 autmutari
877 4113 902 4157 in
911 4126 1005 4173 magau
1014 4119 1129 4172 exparte
1140 4118 1187 4159 cet.
1215 4109 1349 4172 65.serms

239 4181 315 4226 Codri.
328 4177 352 4226 4.
374 4200 403 4212 -
415 4176 506 4237 formu
517 4183 548 4227 E.
570 4202 599 4214 -
612 4177 716 4242 formos
731 4182 760 4227 C.
770 4183 832 4228 Eds.
850 4187 907 4230 vett.
928 4206 961 4218 ·-
971 4178 1116 4241 samoedr.
1128 4184 1158 4228 Ρ.
1170 4186 1200 4228 Δ.
1225 4204 1255 4215 -
1269 4178 1349 4241 sumu

238 4255 262 4296 et
271 4255 424 4310 contemptus
433 4250 463 4296 1..
474 4251 504 4301 tt.
548 4247 590 4298 69.
609 4248 731 4314 effugisse
745 4252 805 4298 cdo.
822 4252 894 4298 etiam
908 4251 938 4298 C.
948 4251 1066 4298 ΜΗ.
1088 4273 1117 4286 -
1136 4249 1266 4314 refugisse
1277 4252 1346 4298 uu.
