2952 4826
251 209 290 273 1⁶

248 367 383 434 Aeoliae
405 377 563 432 terrarum
585 387 659 432 oras
683 386 700 429 a
722 363 838 430 linibus
860 365 941 432 eius.

247 471 313 536 Hic
333 481 380 534 est
401 481 490 534 vasta
512 467 698 551 Charybdis
718 467 823 534 ethic
844 470 987 533 Aetnaea
1010 469 1167 534 minantur

248 575 418 640 Murmura
439 574 635 636 flammarum
657 593 783 636 rursum
808 591 841 634 se
864 571 1021 656 colligere
1042 571 1124 648 iras,

246 676 408 743 Faucibus
429 685 562 757 eruptos
581 672 695 737 iterum
715 671 765 736 vis
786 681 820 736 ut
842 685 952 739 vomat
974 674 1096 759 igneis,

245 781 301 846 Aa
320 779 503 864 caelumque
523 777 606 841 ferat
624 776 763 838 flammai
783 773 914 861 fulgura
933 799 1079 854 rursum;

204 931 206 938 ,
246 883 336 964 Quae
354 902 453 968 quom
476 901 590 964 magna
609 877 715 943 modis
737 875 842 942 multis
867 876 1009 943 miranda
1035 879 1161 946 videtur

245 983 403 1050 Gentibus
425 983 567 1047 humanis
590 981 684 1065 regio
705 979 901 1065 visuudaque
923 981 1029 1045 fertur

244 1069 355 1152 Rebus
378 1084 485 1169 opima
505 1083 614 1159 bonis,
638 1082 735 1146 multa
756 1081 873 1144 munita
893 1081 999 1146 virdm
1020 1083 1070 1149 vi:

244 1190 300 1253 Nil
321 1200 425 1252 tamen
445 1189 511 1252 boc
535 1185 683 1250 babuisse
706 1182 779 1249 viro
799 1185 997 1267 praeclarius
1015 1186 1047 1250 in
1069 1210 1103 1252 se

242 1293 314 1356 Nec
335 1301 477 1355 sanctum
498 1287 599 1374 magis
621 1299 652 1353 et
672 1285 788 1350 mirum
811 1304 983 1373 carumque
1006 1288 1145 1355 videtur.

242 1393 395 1459 Carmina
414 1392 491 1479 quin
516 1391 609 1456 etia'm
633 1389 733 1454 divini
754 1389 898 1472 pectoris
919 1389 986 1454 eius

240 1495 474 1561 vociferantur
492 1505 524 1559 et
545 1503 711 1575 exponunt
731 1492 899 1575 praeclara
920 1505 1067 1576 reperta;

241 1601 286 1664 Ut
307 1598 365 1662 vix
386 1600 522 1660 bumana
543 1594 689 1659 videatur
711 1594 811 1677 stirpe
839 1606 976 1659 creatus.

239 1701 307 1769 Hic
328 1712 432 1763 tamen
455 1711 504 1775 et,
528 1719 624 1780 supra
647 1719 729 1783 quos
753 1695 907 1773 diximus,
929 1697 1101 1764 inferiores

240 1803 392 1869 Partibus
412 1800 544 1888 egregie
564 1799 669 1863 multis
692 1799 856 1884 multoque
873 1799 1029 1879 minores,

241 1906 440 1990 Quamquam
461 1902 558 1966 multa
582 1905 662 1966 bene
686 1923 724 1965 ac
744 1900 895 1965 divinitus
916 1901 1112 1970 invenientes

238 2010 293 2074 Ex
315 2010 413 2088 adyto
434 2018 593 2092 tamquam
617 2003 726 2069 cordis
745 2024 902 2086 respousa
926 2008 1042 2071 dedere

239 2109 386 2175 Sanctius
408 2120 440 2173 et
460 2108 559 2173 multo
583 2119 671 2172 certa
692 2106 818 2171 ratione
843 2107 959 2193 magis,
984 2132 1077 2196 quam

238 2211 359 2294 Pythia
380 2233 460 2297 quae
482 2209 611 2294 tripode
633 2231 675 2273 ex
692 2209 822 2274 Phoebi
843 2209 1000 2298 lauroque
1022 2215 1191 2296 profatur,

238 2309 415 2399 Principiis
436 2325 539 2379 tamen
560 2311 593 2376 in
616 2334 724 2376 rerum
744 2312 852 2376 iecere
872 2312 981 2378 ruinas

237 2419 283 2483 Et
303 2417 448 2504 graviter
470 2416 576 2502 magni
600 2436 714 2500 magno
739 2411 885 2478 cecidere
904 2415 951 2480 ibi
970 2439 1063 2484 casu:

236 2519 399 2597 Primum,
422 2523 511 2606 quod
530 2529 650 2595 motus,
673 2526 823 2600 exempto
846 2520 942 2583 rebus
964 2519 1067 2599 inani,

290 2766 349 2815 722.
369 2769 404 2812 ltu
418 2767 535 2812 ΜΗ.
547 2782 559 2813 s
570 2766 773 2827 Cod.1.ngd.2.a
785 2781 834 2813 see.
848 2782 881 2812 m.
895 2791 927 2803 -
940 2766 1160 2818 Hnslinecodd.d.
1169 2772 1303 2834 (etiamGL)
1314 2803 1346 2812 -

236 2839 325 2884 Italicae
335 2843 461 2883 terrarum
468 2837 561 2895 Reliqui
568 2837 608 2893 (C.
615 2836 658 2891 E.)
665 2837 726 2885 Edd.
735 2842 792 2883 vett.
805 2856 841 2870 ·-
851 2837 941 2882 liuline
948 2840 1062 2888 terruil..
1071 2865 1104 2874 -
1117 2841 1230 2887 Aeolium
1236 2845 1347 2903 Liparen

236 2910 296 2954 dixit
307 2909 376 2966 Virg.
385 2909 446 2955 Aen.
455 2904 469 2951 8
479 2939 485 2961 ‚
498 2903 558 2951 141⁶.
572 2906 617 2950 cfr.
628 2906 692 2950 Ptin.
702 2903 730 2960 3,
747 2905 788 2955 tt.
827 2905 950 2964 [Ceterum
965 2909 1090 2952 admodum
1102 2911 1214 2956 notabilis
1230 2920 1267 2957 est
1276 2916 1347 2958 lectio

237 2979 304 3024 Gott.
312 2974 475 3035 cessantibus
483 2976 555 3036 longi
566 2973 663 3019 lonium
673 2976 701 3032 (i.
710 2990 732 3021 e.
741 2973 900 3036 cunfractibu’
908 2979 982 3036 longe
990 2976 1096 3032 lonium)
1106 2981 1143 3039 gl.
1151 2983 1268 3042 aspergit
1278 2985 1347 3029 virus

236 3049 267 3093 nb
292 3046 384 3100 undis;
411 3048 478 3090 cuius
498 3047 552 3090 lect.
572 3045 718 3090 constructio
742 3045 800 3091 haec
821 3051 898 3092 esset:
927 3047 1054 3101 „Siciliam
1078 3051 1170 3108 magnis
1191 3051 1347 3098 amfractibus

236 3116 421 3162 circumlluitans
438 3115 531 3159 lonium
549 3115 615 3159 virus
633 3113 680 3172 (=
700 3116 811 3173 salsugo,
831 3129 914 3169 unare,
935 3116 1035 3161 subiecti
1053 3118 1119 3173 loco)
1140 3121 1209 3180 louge
1228 3123 1312 3180 (usque
1334 3139 1346 3168 e

236 3188 365 3245 longinquo
383 3181 490 3241 fluitans)
507 3183 536 3227 ab
559 3185 626 3246 undis
644 3185 735 3242 glaucis
750 3186 856 3243 aspergit
876 3184 941 3243 (cum
957 3187 1041 3232 ecdem
1058 3187 1167 3244 obiecto,
1196 3194 1257 3248 quod
1277 3193 1348 3237 babet

235 3270 259 3304 v.
277 3254 479 3317 circumfinitam
497 3254 549 3298 scil.
567 3251 696 3308 Siciliam.)
721 3253 777 3311 (pro
795 3255 864 3299 dirus
883 3256 944 3299 rurale
960 3257 1004 3300 Cd.
1021 3256 1050 3300 C.
1069 3259 1151 3313 litus.)
1186 3260 1222 3303 nd
1242 3274 1265 3305 v.
1287 3259 1344 3306 721.

234 3330 291 3370 nota
307 3325 410 3368 similem
428 3325 534 3367 colorem
552 3323 640 3368 babere
658 3335 754 3367 versum
772 3324 887 3381 incogniti
901 3328 999 3379 poetas,
1021 3323 1106 3381 Ennii,
1127 3333 1198 3383 puto,
1220 3331 1280 3383 apud
1294 3331 1345 3374 Cic.

236 3397 264 3439 de
280 3394 311 3439 N.
325 3395 356 3438 D.
373 3390 402 3447 3,
419 3389 441 3448 d.
456 3389 499 3436 24.
517 3390 645 3450 Europum
664 3390 818 3452 Libyamque
832 3406 917 3450 rapax
930 3394 972 3438 ndi
982 3394 1070 3440 dividit
1081 3396 1157 3440 undu.
1193 3397 1346 3442 constructio

235 3469 314 3510 autem
334 3464 392 3508 haec
412 3468 462 3526 est:
482 3475 567 3516 „mars
586 3463 653 3506 nudis
673 3462 784 3507 dividitis
802 3460 995 3509 linibusSiciliue
1012 3479 1068 3508 oras
1087 3467 1348 3512 te1·ruru1nAeoliee.”

234 3559 267 3568 —
286 3535 384 3591 „Quum
399 3529 547 3587 temporibus
563 3533 666 3589 antiquis
687 3537 736 3576 tota
755 3531 823 3590 regio
838 3532 922 3577 Aeolia
937 3534 1043 3588 audiret,
1063 3532 1127 3578 terri
1144 3535 1206 3579 freto
1222 3535 1344 3592 perrupta,

234 3605 341 3659 partibus
358 3603 453 3647 Siciliae
474 3602 572 3646 divulsis
597 3603 619 3644 id
643 3614 729 3646 nomen
755 3602 905 3656 potissimum
924 3602 1113 3647 inhaerescebat.
1151 3605 1186 3649 lbi
1203 3607 1303 3650 Vulcani
1323 3613 1346 3650 et

234 3675 363 3730 Cyclopum
379 3673 476 3725 domus,
496 3675 564 3715 antra
582 3671 788 3724 scilicetneotia,
815 3672 972 3726 scriptoribus
991 3674 1116 3727 permultis
1129 3674 1261 3719 decantata.
1281 3677 1344 3718 llnec

232 3747 312 3787 autern
329 3743 473 3800 colliguntur
492 3751 521 3784 ex
539 3740 646 3794 nebulio,
667 3740 728 3796 quod
743 3753 772 3784 ex
786 3739 855 3784 libris
873 3741 924 3784 suis
942 3741 1047 3785 nonnulli
1066 3743 1251 3800 deprompsere:
1270 3744 1341 3796 „Eu,

232 3825 303 3870 quum
321 3812 442 3865 Iocastes,
463 3809 531 3854 Aeoli
546 3807 624 3865 filius,
644 3810 673 3852 ad
686 3808 774 3852 fretum
787 3810 893 3854 Siculum
908 3809 1067 3864 inhabitabat,
1088 3825 1143 3867 pars
1159 3815 1221 3857 dictu
1232 3804 1344 3855 Aeolia.’'

233 3881 330 3925 Waltel.
352 3880 405 3924 etr.
427 3879 498 3924 Diod.
513 3875 543 3934 5,
566 3873 602 3936 8.]
658 3875 716 3928 725.
742 3879 781 3922 Sic
795 3878 825 3922 1..
844 3877 873 3922 F.
904 3899 938 3913 ·-·
967 3879 1005 3923 niu
1029 3887 1055 3924 ut
1074 3883 1169 3927 omnint
1186 3881 1216 3925 G.
1231 3879 1289 3922 Atii.
1309 3903 1340 3916 -

149 3965 152 3970 ·
231 3951 321 3995 iterum
341 3954 367 3993 ut
384 3949 421 3993 uis
439 3954 534 3994 scomnt
550 3947 581 3992 Ε.
598 3949 630 3992 Η.
643 3949 686 3992 W.
705 3970 738 3981 -·
758 3948 848 3992 iterum
866 3947 903 3992 vis
922 3954 1016 3994 coornet
1033 3949 1061 3995 (ἔ.
1118 3948 1176 3996 731.
1195 3948 1339 4006 clerumque

231 4020 291 4065 Fab.
331 4015 390 4064 lid.
403 4032 438 4061 ax
449 4018 491 4062 dio
503 4019 563 4062 Cod.
572 4017 672 4062 Momm.
681 4029 721 4072 sp.
731 4015 870 4062 L.·-Cod.
879 4017 925 4063 G.:
945 4032 962 4062 a
976 4017 1083 4064 Phoebi:
1102 4021 1142 4064 ssd
1155 4017 1199 4062 cfr.
1216 4015 1338 4071 Aristopb.

230 4090 296 4134 Ptut.
308 4084 349 4134 ³9.
369 4085 398 4136 at
411 4083 474 4151 δῆθ’
492 4080 510 4137 ὁ
528 4083 636 4148 Φοῖβος
644 4078 753 4136 ’ἔλακεν
767 4082 801 4134 ἐκ
812 4082 870 4136 τῶν
882 4083 1075 4153 stepponem
1096 4092 1120 4130 ut
1137 4087 1174 4131 nte
1192 4099 1226 4129 ex
1244 4084 1340 4144 tripode

230 4156 331 4204 Phoebi.
369 4153 427 4202 tta.
448 4153 636 4209 tttad.18,26.
655 4149 749 4216 αὐτὸς
768 4151 791 4220 d·
812 4152 844 4204 ἐν
860 4156 979 4228 κονίῃσι
995 4155 1088 4222 μέγας
1103 4152 1270 4220 μεγαλωστὶ
1288 4168 1341 4204 τα-

229 4225 356 4288 νυσθείς.
410 4222 469 4273 743.
489 4225 647 4281 empedocles
665 4221 812 4273 v.183.st.
829 4219 899 4274 odda
920 4240 947 4275 u
966 4223 1021 4275 aod
1041 4220 1152 4288 παντὸς
1168 4219 1271 4275 κενεὸν
1290 4223 1341 4272 πέ-

229 4294 289 4360 λει,
307 4291 376 4349 οὐδὲ
393 4289 542 4366 περισσόν.
555 4294 591 4339 lb.
625 4291 815 4354 primumque
831 4294 861 4338 G.
