2946 4816
235 207 298 272 ast

235 365 411 446 Quaestor.
442 361 647 430 Candidatus.
683 363 835 426 Praetor.
865 361 1251 429 Urbaunass'Corrector.
1286 369 1352 430 Tu·
1449 356 1450 364 '

234 467 331 532 seiae.
367 468 424 532 Et.
462 465 629 534 Umbriae.
664 465 867 537 Consularis.
901 465 1098 530 Lusitaniae.
1134 469 1351 534 Proconsule.
1449 497 1450 522 2

234 567 388 634 Achaiae.
410 569 611 633 Praefectus.
635 570 730 635 Urbi.
754 571 911 652 Legatus.
934 570 980 630 A.
997 569 1127 632 Senatu.
1151 571 1351 634 Missus...V.
1449 561 1450 616 i

234 671 437 736 Praefectus.
472 670 659 734 Praetorio.
700 671 744 734 tt.
781 669 905 732 Italiae.
943 655 999 734 'En
1038 669 1174 750 lllyrici.
1215 672 1351 737 Consul.
1449 675 1450 678 ’

235 771 437 836 Ordinarius.
461 771 668 856 Designatus.
692 773 748 834 Et.
770 773 910 836 Aconia.
935 770 1047 834 Fabia.
1072 773 1219 836 Paulina.
1244 775 1287 864 C.
1313 757 1350 836 F.

234 877 376 936 Sacrata.
409 873 534 938 Cereri.
565 874 619 936 Et.
647 873 830 936 Eleusiniis.
858 875 1005 966 Sacrata.
1041 875 1150 954 Apud.
1179 877 1350 958 Aeginam.

234 977 388 1040 Hecatae.
424 975 670 1038 'l‘auroboliata.
710 975 971 1056 Hieropbautria.
1002 974 1058 1037 Hi.
1089 976 1274 1040 Coniuncti.
1305 978 1352 1040 Si-

235 1076 311 1139 mul.
341 1071 515 1140 Vixerunt.
545 1078 633 1141 Ana.
661 1077 738 1142 xt..
772 1077 868 1154 (eirca
892 1099 921 1140 a.
951 1099 986 1159 p.
1011 1078 1098 1141 Chr.¹
1117 1078 1192 1142 380.
1218 1081 1352 1144 Antbob

233 1179 277 1240 L.
302 1179 333 1241 d.
359 1179 448 1257 201.)

628 1320 662 1383 A
672 1315 810 1382 'dextro
831 1321 956 1382 latere:

360 1447 513 1524 Paulina,
541 1447 608 1512 reri
630 1459 662 1511 et
684 1449 834 1513 castitatis
857 1449 1002 1526 conseia,

317 1547 429 1612 Dicata
456 1548 580 1632 templis
603 1562 696 1632 atque
719 1551 817 1614 annea
840 1551 1020 1630 trerminum,

318 1651 385 1713 Sibi
409 1650 552 1713 maritum
575 1653 779 1740 praeferens,
804 1657 940 1718 Romam
965 1656 1053 1732 viro,

318 1753 468 1829 Pudens,
493 1753 610 1832 fidelis,
634 1775 711 1837 pura
736 1769 838 1819 mente
861 1766 891 1818 et
915 1776 1074 1839 corpore,

319 1855 461 1938 Benigne
485 1853 623 1932 cunctis,
647 1855 732 1920 utilis
755 1858 944 1922 Penatibus.

618 1999 651 2061 A
672 1995 815 2060 sinistro
836 1999 961 2062 latere:

358 2122 510 2200 Paulina,
535 2126 637 2189 nostri
659 2127 801 2208 pectoris
824 2128 988 2194 consortio

316 2227 434 2288 Fontes
457 2227 608 2308 pudoris,
633 2229 785 2292 castitatis
810 2231 986 2310 vinculum,

315 2329 483 2412 Amorque
504 2351 604 2412 purus
627 2340 658 2392 et
679 2332 759 2394 fides
781 2333 872 2396 caclo
899 2346 982 2413 sata,

314 2431 441 2492 Arcana
466 2432 576 2494 ruentis
599 2432 649 2495 cui
671 2434 796 2496 reclusa
820 2434 955 2511 credidi,

316 2531 438 2594 Munus
461 2535 612 2609 deorum,
638 2535 690 2618 qui
714 2535 886 2599 nraritalem
909 2547 1014 2600 torum

315 2635 456 2695 Nectum
479 2635 585 2698 andeis
609 2647 640 2698 et
660 2637 782 2718 perdicis
805 2635 952 2704 nexibus.

319 2721 446 2800 Pietate
467 2738 592 2814 matris,
617 2739 778 2825 coniugali
801 2740 924 2825 gratia,

316 2841 411 2901 Nexu
433 2839 576 2918 sororis,
601 2841 683 2905 filiae
706 2845 880 2924 rrrodestia,

316 2943 378 3014 Et,
403 2953 518 3022 quanta
542 2944 648 3006 anricis
670 2943 831 3028 iungimur
854 2927 987 3026 fiducia,

314 3043 439 3107 Aetatis
463 3065 519 3106 usu
542 3045 750 3110 consecrandi
770 3049 921 3112 foedere:

315 3145 405 3230 lugi,
430 3147 534 3222 fideli,
559 3148 695 3230 simplici
718 3151 907 3228 concordia,

287 3249 429 3320 ,leuvane
452 3249 617 3329 maritum,
643 3251 792 3336 diligens,
816 3275 950 3333 ornans,
974 3256 1093 3321 colens.
1115 3263 1117 3269 '

512 3433 513 3440 κ
624 3395 666 3456 In
684 3391 821 3474 postica
837 3405 957 3476 parte:

356 3518 517 3600 Splendor
538 3525 704 3601 parentum
729 3523 772 3585 nil
795 3522 870 3586 mibi
892 3503 989 3588 maius
1012 3525 1112 3599 dedit,

312 3621 415 3700 Quam
439 3625 527 3705 quod
550 3621 663 3686 marito
687 3622 782 3707 digna
805 3625 864 3687 ianr
889 3637 953 3687 tum
978 3627 1041 3688 visa
1065 3621 1149 3702 suun,
1188 3663 1191 3672 ·

313 3725 377 3786 Sed
399 3724 501 3786 ltrtnen
525 3745 617 3787 orrrue
641 3727 692 3787 vel
715 3729 829 3802 decus,
854 3721 967 3790 nornen
993 3727 1071 3804 viri,

311 3825 440 3909 Agori,
463 3827 604 3906 superbo
628 3826 681 3908 qui
703 3839 827 3890 creatus
850 3831 1011 3913 germine,

232 3989 234 3994 ,
312 3927 478 4002 Patriam,
503 3930 652 3989 Senatum
674 3928 906 4014 coniugemque
928 3932 1099 3996 inluminas·

233 4091 236 4096 ,
313 4027 480 4108 Probitate
504 4029 634 4106 mentis,
660 4031 821 4109 moribus,
845 4034 956 4096 studiis
977 4034 1089 4112 siurul;

312 4128 451 4206 Virtutis
475 4129 593 4210 apicem
618 4131 673 4214 qui
695 4154 875 4212 strprernmn
899 4149 1030 4200 nanetus
1052 4161 1100 4215 es,

233 4299 238 4308 ι
314 4232 364 4310 Τις
388 4251 544 4312 namque,
569 4234 720 4316 quidquid
742 4236 852 4320 lingua¹
872 4249 1005 4323 utraque
1029 4252 1075 4304 est
1097 4243 1260 4322 proditum
1304 4247 1344 4308 25
