2946 4816
1200 189 1262 254 noa
1311 268 1313 273 .

132 352 270 418 Sullnre
293 348 462 414 discutitur
484 368 578 414 sacro
602 368 695 434 quam
719 357 817 432 tuque
840 345 1040 430 domitaque?
1098 377 1104 384 ·
1223 347 1262 412 25

134 455 195 520 An
218 454 377 539 quianon
399 450 490 516 libris
514 448 622 518 ovium
645 452 864 536 Ergennaque
886 448 1042 525 iubente,

136 556 251 622 Triste
274 556 357 620 iaces
379 554 458 618 lucis
481 552 725 636 evitandumque
747 551 907 629 bidental,

133 646 267 725 Idcirco
289 658 434 723 stolidam
456 657 590 740 praebet
615 654 672 722 tihi
695 655 817 720 vcllere
838 657 971 720 barbam

136 761 310 846 Iuppiter?
332 789 373 846 ᾗ·
395 771 449 824 ant
469 758 622 844 quidnam·
641 769 709 834 est,
734 779 797 842 qua
819 768 855 822 tu
878 760 1024 823 mercede
1046 760 1180 825 deorum

136 863 267 930 Emeris
290 861 472 928 auriculas?
494 895 534 908 -
558 861 710 945 pulmone
732 872 764 926 et
785 861 921 924 lactibus
944 861 1135 926 6661161-
1224 863 1266 928 30

136 969 229 1032 Ecce
252 965 324 1030 avia
345 975 398 1030 aaut
420 974 561 1027 metuens
585 963 691 1028 divdm
715 974 887 1028 matertera
909 963 999 1030 curnis

136 1067 271 1134 Exemit
292 1087 424 1150 puerum
448 1065 653 1151 frontemque
676 1077 770 1150 atque
792 1069 854 1131 uda
876 1066 991 1132 labella

137 1170 256 1236 Infami
278 1169 381 1255 digito
404 1179 435 1233 et
457 1168 640 1232 lustralibus
665 1181 736 1232 ante
758 1168 868 1233 salivis

137 1272 279 1357 Expiat,
304 1283 432 1338 arcentes
457 1272 569 1366 oculos
591 1269 735 1335 inhibere
760 1271 881 1356 perita3

138 1377 236 1444 Tunc
257 1374 401 1439 inanibus
424 1373 525 1459 quatit
547 1384 578 1436 et
599 1394 688 1456 spem
712 1395 849 1438 macram
872 1374 1016 1458 supplice
1039 1386 1119 1440 voto
1225 1377 1265 1442 35

136 1479 237 1542 Nunc
257 1476 367 1540 Licini
389 1477 419 1540 in
442 1498 595 1559 campos,
621 1499 705 1542 6666
727 1475 837 1542 Crassi
860 1476 955 1543 mittit
975 1477 1008 1541 in
1031 1479 1138 1543 aedes.

137 1579 261 1656 „Hune
283 1590 396 1668 optent
418 1600 570 1664 generum
592 1599 653 1642 rex
675 1590 706 1643 et
728 1578 862 1664 regina!
885 1581 1011 1664 puellae

137 1683 240 1747 Hunc
260 1681 402 1764 rapiant!
426 1681 582 1767 quidquid
602 1681 777 1747 calcaverit
798 1683 872 1760 hic,
896 1705 971 1748 rosa
992 1685 1095 1752 liatl”
1120 1717 1160 1730 ·-

137 1787 207 1850 Ast
228 1806 291 1870 ego
315 1784 428 1849 nutrici
451 1806 513 1849 666
538 1789 652 1850 mando
674 1797 771 1861 votae
795 1798 933 1871 negato,

139 1887 308 1970 Iuppiter,
332 1889 412 1951 haec
432 1887 499 1964 illi,
524 1886 668 1973 quamvis
690 1900 722 1952 te
744 1889 848 1952 albata
870 1890 1012 1975 rogarit!

122 1979 258 2055 ¹Poscis
281 2011 374 2072 opem
398 1990 503 2054 nervis
527 2012 713 2076 corpusque
735 1992 830 2055 fidele
853 2004 1018 2058 senectae:

139 2094 226 2157 Esto
249 2113 325 2176 age3
349 2095 405 2156 sed
427 2091 562 2177 pingues
585 2093 710 2176 patinae
733 2104 901 2179 tucetaquc
923 2115 1031 2160 crassa

215 2281 257 2330 25.
279 2305 308 2317 -
328 2281 455 2342 Sulphure
470 2286 502 2330 V.
524 2309 556 2342 ·.·
574 2283 687 2346 Fulgura
704 2287 733 2332 F.
789 2285 832 2334 26.
847 2305 879 2322 -
898 2302 1042 2349 ergenuqeee
1064 2291 1122 2337 Tm.
1166 2287 1209 2337 ³3.
1229 2311 1264 2328 ι-

140 2353 385 2414 digitoluetrulidue
398 2354 429 2399 T.
468 2351 510 2399 34.
532 2376 564 2390 -
579 2365 727 2415 urentesque
745 2358 776 2402 V.
815 2355 857 2403 ³5.
877 2379 912 2392 ·-
925 2357 989 2404 Tum
1001 2374 1070 2406 mure.
1089 2362 1120 2406 Τ.
1143 2383 1172 2394 -
1191 2360 1266 2408 Hunc

140 2437 212 2468 men.
231 2423 262 2468 E.
282 2423 320 2468 lb.
337 2445 366 2456 -
386 2415 499 2482 supplici
516 2423 555 2468 ¹1¹..
568 2420 611 2469 36.
630 2449 662 2458 -
681 2424 716 2470 nd
732 2426 808 2472 ceder
827 2427 857 2472 R.
878 2423 920 2474 37.
940 2428 1033 2488 optent]
1050 2430 1130 2476 EAM.
1150 2454 1184 2465 -
1201 2437 1268 2488 optet

141 2493 237 2537 TRVS.
266 2489 425 2539 39.-Huec
444 2505 491 2553 ego
508 2493 538 2538 F.
570 2490 613 2538 40.
630 2491 768 2540 -hoce'lli
785 2496 816 2542 Τ.
836 2496 872 2541 lb.
886 2517 915 2529 -
930 2498 1043 2558 quamuis
1061 2499 1146 2548 616616
1164 2501 1268 2562 negabit

141 2560 259 2677 §qivegsqu
314 2558 357 2606 41.
383 2581 417 2596 -
446 2561 531 2607 Porcii
557 2563 612 2612 VE.
668 2561 710 2610 42.
736 2565 849 2627 pingues
866 2565 936 2626 pan]
956 2567 1008 2616 ΤΑ.
1029 2589 1059 2601 -
1078 2569 1192 2630 grandes
1209 2576 1265 2628 pat.

214 2790 256 2838 26.
276 2791 402 2852 Seriphum
421 2795 463 2840 W.
514 2790 554 2844 35.
574 2793 640 2843 Tum
659 2798 703 2844 W.
741 2792 910 2855 1666666,
930 2804 985 2846 6616
1002 2804 1095 2860 negato
1111 2813 1144 2848 6.
1163 2800 1199 2860 (et
1219 2802 1267 2858 Μ.)

141 2861 187 2908 42.
206 2862 319 2924 grandes
334 2864 439 2922 patinae
456 2878 501 2912 rw.

143 2967 299 2980 *aa

215 3023 257 3071 26.
277 3025 316 3072 Aa
326 3027 385 3086 quic
394 3025 537 3090 nonfibrie]
548 3029 573 3072 ln
585 3043 628 3074 usu
640 3029 700 3084 fuit,
711 3033 741 3076 nt
752 3042 855 3088 augures
868 3030 906 3076 vel
915 3011 1037 3086 airuspices
1051 3031 1144 3077 adducti
1155 3034 1182 3078 de
1194 3033 1267 3079 Etru-

139 3096 194 3150 ria,
212 3096 285 3142 certia
298 3097 446 3152 temporibus
462 3099 561 3142 fulmina
575 3097 744 3159 transfigurata
757 3101 780 3143 in
795 3099 884 3153 lapides
900 3100 961 3144 inira
974 3104 1064 3145 terram
1074 3103 1266 3159 absconderent,

141 3168 211 3209 cuins
227 3166 394 3220 impetratione
405 3169 432 3223 (l.
444 3169 471 3212 in
478 3167 632 3225 patratione)
645 3170 681 3214 rei
695 3181 751 3212 oves
768 3169 963 3215 immolabantur.
1001 3167 1043 3214 27.
1057 3167 1186 3230 Bidental]
1200 3175 1267 3220 loeus

141 3248 214 3279 sacro
233 3247 361 3290 percussus
380 3235 494 3291 inluniae,
514 3237 553 3294 qui
571 3237 665 3284 bidente
679 3237 708 3282 ab
725 3237 876 3292 aruspicibus
894 3243 1063 3294 cousecratur,
1084 3255 1154 3298 quern
1173 3245 1267 3288 calcare

135 3304 275 3358 66166661.
329 3301 498 3350 3616616166
519 3307 623 3352 Crassus
648 3309 711 3353 inter
730 3307 851 3352 Romanos
873 3308 1094 3364 locupletissimus,
1120 3312 1174 3356 ideo
1194 3311 1267 3356 Dives

140 3375 334 3433 cognominatus.
372 3374 419 3419 6111
441 3376 524 3420 volunt
550 3375 661 3420 Licinum
684 3383 808 3422 tonsorem
833 3390 861 3420 ae
888 3377 1000 3422 libertum
1027 3378 1129 3438 Augusti
1154 3379 1267 3425 Caesaris

140 3441 272 3502 significari
301 3445 473 3502 praedivitem
505 3445 572 3489 euius
595 3451 775 3500 monumentum¹
804 3451 841 3490 est
869 3447 969 3500 pretiosi
999 3449 1081 3502 operis
1109 3449 1147 3492 eia
1174 3450 1267 3494 Salaria

139 3525 217 3568 prope
242 3512 346 3568 Urbem,
374 3515 403 3556 ad
433 3514 535 3568 lapidem
553 3517 691 3560 secandum.
728 3515 763 3560 Dc
781 3515 827 3559 boc
842 3527 889 3559 non
907 3516 1056 3560 invenustum
1076 3519 1195 3562 Varronis
1217 3519 1268 3573 epi·

140 3593 251 3640 gramma
265 3581 357 3628 fertur:
382 3579 865 3629 Μ6616666621616661666161666·
889 3589 917 3628 61
934 3581 993 3629 Coto
1013 3597 1111 3642 puram·
1134 3585 1268 3645 Pompeiae

140 3651 227 3694 nudo:
248 3650 375 3702 'credimus
394 3665 450 3696 eeee
467 3651 549 3697 dene!
585 3653 636 3709 (Sic
654 3653 722 3699 Reiz.
742 3668 755 3698 e
773 3651 972 3699 varietate-'Pitb
994 3675 1023 3686 -
1045 3654 1101 3713 quie
1121 3660 1193 3713 putet
1210 3670 1267 3701 6666

141 3719 221 3765 dece?
238 3718 315 3772 Pitlr.)
334 3716 376 3766 39.
396 3719 453 3766 Non
468 3721 570 3780 ruendo]
589 3713 672 3767 Ve'rbo
691 3737 747 3768 6666
768 3728 804 3768 661
824 3724 978 3778 aruspicum,
998 3721 1045 3780 (sic
1063 3724 1131 3770 Reiz.
1153 3747 1182 3756 -
1202 3740 1269 3770 cru-

141 3789 215 3846 66166
227 3788 294 3836 Pitlr.
306 3789 376 3835 Fort.
387 3789 558 3848 aruspicina.)
569 3805 641 3849 quom
651 3793 686 3838 eis
699 3794 801 3837 dicitur:
816 3790 980 3847 Mandonii,
994 3790 1111 3836 dioxime
1123 3825 1129 3848 ,
1155 3793 1267 3840 61166666

141 3857 222 3903 611666
231 3856 278 3916 (616
288 3858 357 3903 Reiz.
365 3877 398 3894 ι·
409 3870 443 3904 m.
454 3865 484 3920 1.,
495 3865 521 3905 61
529 3861 670 3905 maximum
681 3861 763 3906 Iouem
773 3860 873 3906 audine.
884 3863 950 3907 Pitla.
971 3863 1081 3908 Brisson.
1094 3858 1209 3922 desorm.
1220 3865 1267 3910 Ed.

141 3927 217 3973 Bacb.
237 3941 262 3983 p.
285 3925 353 3983 116.)
398 3929 430 3974 111
454 3931 652 3987 quemadmodum
682 3931 858 3986 procurationis
884 3933 987 3976 assertio
1011 3932 1057 3985 sit,
1089 3933 1122 3976 ita
1139 3930 1181 3976 fiat
1198 3939 1222 3980 et
1243 3935 1267 3979 in

141 3997 219 4041 sacris
239 4002 263 4042 et
284 3997 307 4041 16
329 4011 411 4052 prece.
460 4000 517 4054 (Vr.
538 4005 561 4044 ct
578 4000 606 4044 in
623 4001 709 4045 eacrie
728 4014 777 4048 om.
794 3999 874 4056 Reiz.)
924 3997 967 4045 42.
988 3999 1084 4044 Tucetu
1102 4005 1163 4058 apud
1182 4002 1267 4048 Gallos

140 4066 279 4121 Cisalpinos
300 4067 388 4112 bubula
408 4068 513 4123 dieitur,
539 4071 697 4114 condimentis
715 4070 856 4128 quibusdam
882 4071 971 4114 crassis
988 4070 1062 4115 oblita
1082 4085 1109 4116 66
1130 4078 1265 4118 uraeerata:

140 4139 166 4181 et
186 4136 241 4181 ideo
264 4141 314 4180 1616
341 4151 403 4181 6666
424 4139 505 4182 durat.
553 4139 621 4187 Solet
636 4140 708 4183 etiam
730 4139 828 4199 porcina
845 4139 930 4187 eodem
950 4152 1039 4198 genere
1058 4142 1154 4185 condita
1174 4142 1266 4186 servari

139 4209 182 4250 aut
200 4207 230 4248 ael
253 4210 391 4251 eatrrrarurn
418 4208 481 4252 iura.
520 4207 580 4252 ilinc
609 4209 704 4252 Plotina
731 4209 828 4267 Virgilii
850 4209 941 4252 amicus
960 4209 985 4257 iu
1005 4202 1088 4254 eadem
1109 4209 1209 4270 regione
1230 4214 1268 4254 eat

141 4275 277 4320 nominatus
296 4275 385 4332 Tucca.
406 4275 452 4337 (616
470 4277 539 4323 Reiz.
559 4277 711 4324 de-Gasaub.
732 4279 795 4326 coni.
817 4299 845 4311 -
866 4275 961 4326 Tuccia
978 4278 1057 4334 Pitlr.)
