2964 4814
24 443 27 448 Ι
139 347 185 432 E't
208 381 273 434 tum
297 369 429 453 mirifice
451 375 610 456 sperabat·
624 394 657 436 ss
679 393 748 438 esse
770 374 929 448 locutum,

205 474 310 552 Quom
334 485 486 557 quantum
507 484 636 556 poterat
657 474 781 538 dixerat
803 474 966 538 hinsidias.

139 572 269 649 Credo,
293 573 340 637 sic
362 587 478 652 mater,
503 575 551 638 sic
573 575 674 640 Liber
696 577 869 639 animculus
891 575 980 651 eius,

204 675 257 738 Sic
281 687 441 739 maternus
463 657 542 740 avus
565 677 689 740 dixerat
711 667 806 760 atque
828 677 917 742 avia,

80 796 85 800 ’
138 775 216 840 Hoc
238 775 335 840 misso
358 777 388 838 iu
411 778 535 857 Syriam
557 767 740 860 requierant
763 775 909 842 omnibus
934 797 1045 844 aures:

75 877 78 882 “
202 875 369 940 Audibaut
393 881 498 940 eadem
521 879 600 941 haec
622 879 735 942 leniter
756 891 789 943 et
809 879 924 943 leviter

138 978 210 1040 Nec
231 977 292 1039 sibi
313 977 440 1058 postilla
464 981 643 1042 metuebant
666 979 739 1042 talia
762 983 878 1055 verba,

203 1080 309 1159 Quom
332 1078 438 1142 subito
462 1081 594 1142 affertur
617 1080 743 1144 orentius
766 1080 950 1157 horribilis,

138 1179 250 1243 lonios
270 1181 404 1256 fluctus,
429 1192 598 1264 postquam
620 1181 695 1244 illuc
715 1181 832 1245 Arrius
853 1182 950 1259 isset,

203 1282 269 1344 Iam
292 1302 357 1345 non
380 1282 491 1346 Ionios
509 1285 596 1357 esse,
625 1285 680 1345 sed
702 1283 856 1348 Hionios.

617 1413 663 1473 v.
695 1411 778 1490 (96.)

136 1528 174 1592 Si
196 1530 363 1614 quicquam
386 1531 480 1594 mutis
502 1542 626 1614 gratum
652 1543 856 1614 acceptumve
879 1531 1034 1616 sepulcris

203 1631 362 1695 Accidere
384 1653 401 1694 a
424 1641 556 1708 nostro,
583 1631 701 1709 Calvo,
725 1635 839 1698 dolore
861 1645 989 1716 potest,
1123 1623 1129 1632 ¹

88 1803 92 1808 .
136 1731 213 1813 Quo
238 1731 395 1796 desiderio
419 1743 543 1795 veteres
565 1754 755 1798 renovamus
778 1755 902 1798 amores

201 1843 311 1918 Atque
333 1834 408 1899 olim
432 1833 541 1897 missas
562 1834 675 1897 flemus
698 1835 867 1913 amicitias,

136 1934 239 2000 Certe
262 1956 326 1999 non
348 1946 435 2000 tanto
459 1957 545 2000 mors
567 1924 732 1999 immatura
756 1937 861 2001 dolori
883 1951 930 2001 est

204 2037 395 2116 Quintiliae,
421 2049 568 2119 quantum
593 2041 712 2122 gaudet
734 2060 843 2103 amore
867 2051 937 2102 tuo.

598 2167 664 2230 VI.
695 2169 798 2248 (tot.)

136 2258 262 2332 Multas
283 2289 343 2350 per
366 2279 476 2351 gentes
500 2281 531 2332 et
553 2270 648 2332 multa
670 2290 729 2352 per
751 2289 893 2352 aequora
916 2279 1025 2332 rectus

201 2368 352 2432 Advenio
374 2371 431 2432 has
454 2371 601 2446 miseras,
624 2371 743 2446 frater,
768 2373 807 2433 ad
829 2370 982 2445 inferias,

140 2471 188 2534 Ut
209 2476 241 2532 te
261 2480 428 2550 postremo
451 2472 602 2535 donarem
625 2492 753 2534 munere
776 2469 888 2536 rnortis

202 2573 246 2650 Et
271 2583 384 2633 mruam
407 2563 615 2656 nequidquam
639 2573 821 2656 alloquerer
843 2571 1001 2644 cinerem,

136 2672 404 2754 Quandoquidem
426 2673 556 2737 lortuua
579 2673 656 2735 mihi
676 2683 743 2737 tete
764 2673 893 2736 abstulit
915 2671 1039 2751 ipsum,

202 2776 278 2836 Heu
302 2773 396 2836 miser
417 2773 547 2859 indigue
568 2774 670 2838 frater
693 2777 837 2855 adempte
860 2771 951 2835 mihil

136 2878 235 2939 Nunc
257 2875 360 2937 tamen
381 2876 526 2951 interea,
548 2875 658 2957 prisco
682 2897 763 2958 quae
785 2895 873 2937 more
894 2881 1062 2953 parentum

204 2975 338 3038 Tradita
358 2987 433 3038 scrut
454 2975 553 3038 tristis
578 2995 707 3039 munera
730 2978 768 3038 ad
789 2974 940 3048 inferias,

137 3076 263 3157 Accipe
284 3076 427 3139 fraterno
448 3077 577 3139 multum
601 3075 757 3138 uranantia
779 3075 855 3137 fletu

203 3179 312 3260 Atque
334 3177 365 3238 in
387 3187 597 3257 perpetuum,
620 3176 741 3253 frater,
767 3197 827 3239 ave
850 3173 945 3258 atque
967 3174 1051 3238 vale.
1095 3215 1097 3224 ι

601 3298 685 3360 V11.
708 3297 790 3376 (22.)

559 3403 625 3466 AD
647 3401 835 3465 VARUM.

205 3509 350 3572 Suffenus
372 3506 451 3581 iste,
475 3506 583 3579 Vane,
598 3524 701 3586 ,quem
724 3503 827 3582 probe
849 3495 951 3573 nosti,
985 3527 987 3532 ·

139 3612 252 3674 Homo
275 3619 322 3670 est
344 3617 495 3669 venustus
517 3616 549 3667 et
571 3605 661 3668 dicax
684 3614 715 3666 et
737 3605 915 3677 urbanus,

139 3713 294 3794 Idemque
317 3709 414 3790 longe
436 3707 590 3788 plurimos
611 3705 687 3768 lacit
710 3698 834 3768 reisue.

139 3813 229 3876 Puto
250 3830 321 3872 esse
343 3829 407 3888 ego
428 3807 477 3870 illi
500 3807 584 3870 milia
606 3816 658 3868 atrt
680 3809 788 3868 decem
811 3813 865 3865 aut
886 3804 979 3882 plura
1011 3837 1015 3844 -

141 3909 348 3993 Perscripta:
372 3929 431 3970 uec
453 3909 516 3982 sic,
541 3919 573 3971 ut
595 3908 647 3982 fit,
669 3906 702 3968 in
723 3905 930 3987 palimpsesto
965 3937 967 3942 ·
1084 3947 1086 3954 ,

140 4013 274 4086 Relata3
297 4013 425 4074 chartae
447 4009 575 4094 regiae,
600 4008 677 4071 novi
697 4005 793 4080 libri,

141 4116 231 4179 Nori
253 4111 409 4188 umbilici,
432 4111 641 4186 teramum,
664 4112 845 4172 membrana
876 4137 879 4142 ·

139 4215 272 4282 Directa
293 4217 425 4296 plumbo
447 4224 479 4276 et
501 4211 626 4295 pumice
648 4209 751 4276 omnia
775 4220 921 4294 aequata.

182 4315 395 4372 satagendum.
984 4310 1002 4371 9
