2952 4826
1210 149 1248 210 17

129 305 343 374 Constituunt
360 316 391 370 et
412 327 464 370 res
486 303 610 392 molleis
632 325 784 392 rarasque
806 303 1005 391 relinquunt,

130 414 240 487 Adra,
264 409 381 485 solem,
403 407 527 493 ignem,
550 418 670 486 terras,
692 406 854 484 animalia,
875 407 1006 493 fruges;
1122 465 1126 470 .
1188 409 1248 472 715

130 514 206 576 Nec
226 523 330 576 tamen
350 509 524 574 admiscent
543 509 576 574 in
596 532 708 577 eorum
733 530 854 593 corpus
872 508 985 573 inane:

131 613 259 678 Deinde
278 617 367 700 quod
387 611 518 678 omnino
542 614 638 676 finem
656 633 721 676 non
743 634 810 676 esse
834 609 978 677 secandis

133 715 343 798 Corporibus
362 714 485 779 faciunt
505 736 607 802 neque
625 735 754 797 pausam
776 726 861 779 stare
881 713 1010 800 fragori

130 820 205 881 Nec
224 839 374 900 prorsum
394 816 428 881 in
447 820 543 882 rebus
562 815 734 881 minumum
752 815 928 882 consistere
952 814 1136 903 quidquam.

511 1006 590 1067 Lm.
607 1003 655 1066 ΙΙ.
683 1025 716 1066 v.
741 1003 869 1066 1-59.

196 1129 318 1203 Snnve,
342 1125 422 1189 mari
444 1146 560 1209 magno
580 1122 781 1187 turbantibus
802 1142 944 1207 aequora
967 1120 1086 1198 ventis,

131 1229 162 1292 E
184 1240 271 1293 terra
295 1251 440 1314 maguum
462 1226 591 1292 alterius
610 1235 755 1308 spectare
776 1225 940 1298 laborem3

130 1333 226 1407 Non,
250 1331 324 1416 quia
343 1329 456 1394 vexari
476 1349 665 1415 quemquam
687 1337 735 1390 est
752 1324 890 1390 iocunda
910 1326 1077 1410 voluptas,

130 1435 214 1508 Sed,
237 1432 354 1516 quibus
374 1431 442 1514 ipse
464 1431 554 1494 malis
577 1451 701 1506 careas,
725 1427 954 1516 quiacernere
975 1449 1070 1492 suave
1091 1440 1151 1492 est.

131 1536 200 1599 Per
222 1555 353 1616 campos
374 1533 528 1596 instructa
546 1544 600 1595 tua
622 1531 689 1596 sine
710 1542 801 1614 parte
820 1528 954 1614 pericli,
1227 1535 1246 1595 5

130 1638 238 1699 Suave
260 1635 353 1698 etiam
374 1635 451 1699 belli
472 1634 643 1699 certamina
665 1655 779 1718 magna
799 1631 894 1697 tueri.

130 1739 198 1802 Sed
220 1737 264 1801 nil
285 1737 406 1801 dulcius
426 1749 489 1814 est,
512 1740 592 1801 bene
613 1759 708 1823 quam
728 1734 846 1799 munita
864 1746 973 1800 tenere

128 1839 227 1904 Edita
251 1825 397 1904 doctrina
419 1840 594 1923 sapientum
615 1838 733 1922 templa
754 1860 884 1913 serena3

126 1941 306 2025 Despieere
328 1946 410 2007 uude
430 1963 529 2029 queas
550 1941 632 2006 alios
650 1939 829 2026 passimque
849 1939 960 2005 videre

127 2045 252 2108 Errare
275 2056 369 2130 atque
391 2043 476 2108 viam
495 2041 649 2127 palanteis
670 2064 824 2128 quaerere
844 2041 948 2118 vitne3
1028 2103 1031 2110 .

129 2145 265 2211 Certare
286 2145 437 2231 ingenio,
461 2149 653 2212 contendere
674 2143 859 2221 nobilitate,

128 2249 267 2313 Nocteis
292 2261 388 2335 atque
414 2246 480 2311 dies
500 2247 559 2311 niti
579 2258 759 2330 praestante
780 2247 893 2312 labore

129 2352 184 2414 Ad
206 2373 341 2415 summas
361 2371 527 2435 emergere
549 2372 628 2433 opes
650 2371 822 2435 rerumque
841 2347 957 2432 potiri.

192 2454 223 2518 0
247 2455 379 2517 miseras
399 2452 564 2518 homiuum
587 2451 736 2516 menteis!
762 2474 782 2516 o
804 2463 940 2534 pectora
960 2455 1072 2516 caeca!

129 2554 286 2634 Qualibus
305 2555 340 2616 iu
360 2554 500 2620 tenebris
521 2554 605 2618 vitae
627 2552 816 2637 quantisque
838 2552 969 2636 periclis
1203 2557 1243 2620 15

128 2655 270 2739 Degitur
289 2657 355 2720 hoe
377 2655 446 2720 aevi
470 2657 722 2741 quodquomque
743 2659 808 2719 est!
853 2657 970 2719 Nonne
992 2654 1148 2733 viderest,

130 2755 188 2820 Nil
211 2756 298 2820 aliud
319 2756 381 2822 sibi
402 2769 546 2828 naturam
566 2757 703 2832 latrare,
725 2754 786 2820 nisi
808 2767 858 2833 ut,
881 2754 961 2841 quoi

130 2858 283 2942 Corpore
302 2858 459 2924 seiunctus
480 2860 576 2924 dolor
598 2857 698 2935 absit,
721 2870 824 2922 mente
840 2859 967 2923 fruatur

128 2962 274 3027 locuudo
296 2984 405 3038 seusu,
429 2984 506 3025 cura
527 2972 649 3026 semota
670 2960 841 3047 metuque?

192 3065 286 3147 Ergo
308 3083 501 3146 corpoream
522 3067 562 3127 ad
583 3075 727 3128 naturam
749 3084 851 3146 pauca
874 3062 1016 3130 videmus
1174 3101 1176 3105 v
1199 3068 1241 3130 20

129 3167 209 3230 Esse
232 3187 313 3248 opus
334 3164 484 3244 omnino,
506 3188 587 3252 quae
609 3169 735 3231 demant
755 3188 916 3252 quomque
938 3167 1101 3246 dolorem,

128 3266 268 3333 Delicias
290 3289 419 3355 quoque
442 3267 489 3332 uti
511 3269 623 3333 multas
645 3269 847 3333 substernere
868 3269 1011 3351 possiut;

550 3450 652 3497 brun.
671 3465 695 3497 v.
712 3449 815 3497 1-59.

181 3517 206 3563 1.
226 3519 306 3564 moris
324 3520 413 3580 magni
430 3543 440 3556 ·
459 3543 471 3559 ο
487 3532 596 3578 aequora
612 3522 703 3566 Markl.
717 3521 746 3564 ad
758 3521 870 3565 Statium.
884 3532 909 3574 p.
922 3517 981 3566 111.
1018 3519 1043 3566 2.
1063 3524 1172 3577 (nestum
1182 3523 1239 3583 W.)

131 3583 209 3632 sero.
219 3589 313 3634 inverso
323 3591 406 3634 ordine
418 3591 528 3648 leguntur
538 3591 598 3645 apud
610 3591 654 3635 Ar.
665 3589 745 3644 Pium,
756 3589 787 3634 Α.
801 3590 861 3633 Har.
872 3589 969 3635 SedW.
977 3590 1065 3646 Codri„
1078 3593 1150 3636 etiam
1158 3593 1187 3637 C.
1196 3593 1238 3648 E„

129 3663 153 3703 et
169 3657 230 3701 Eat.
245 3663 303 3705 vett.
323 3663 417 3704 secutus
433 3664 478 3704 est.
508 3657 621 3704 Ceterum
633 3659 680 3706 C.:
704 3680 743 3693 —
765 3659 872 3703 tutatae
886 3671 916 3717 p.
931 3671 960 3715 p.
1016 3656 1040 3706 2.
1060 3661 1179 3706 Pindarus
1197 3677 1236 3718 ap.

126 3707 189 3772 litat.
208 3728 236 3770 ds
252 3740 304 3782 rep.
319 3725 344 3772 2.
357 3729 386 3777 G.
401 3726 426 3773 8.
445 3722 573 3810 πότερον
588 3726 656 3796 δίκᾳ
673 3729 722 3785 (al.
738 3725 839 3789 δίκας)
863 3730 961 3790 τεῖχος
986 3720 1099 3791 ὕψιον,
1127 3723 1149 3793 ἦ
1164 3744 1239 3782 σκο-

125 3793 201 3858 λιαῖς
214 3790 343 3858 α’πάταις
362 3798 410 3854 (at.
429 3796 551 3858 σκολιας
570 3791 699 3860 ἀπάτας)
718 3791 848 3860 ἀναβάς,
865 3795 916 3845 καὶ
936 3794 1069 3860 ἐμαυτὸν
1087 3790 1166 3848 οὕτω
1187 3813 1238 3850 πε-

126 3859 273 3982 ςιφῖάξας
291 3861 404 3928 διαβιῶ.
458 3867 499 3913 12.
515 3873 646 3929 perstante
663 3869 702 3912 Pii
719 3867 887 3920 rnembrauoe,
915 3866 985 3921 prob.
1010 3865 1051 3914 W.
1074 3867 1159 3914 Horat.
1185 3871 1237 3914 Sat.

150 3966 157 3989 ‚
198 3933 268 3990 ‚39.
302 3942 393 3993 perata
410 3941 482 3994 atque
499 3938 605 3983 obdura.
659 3934 700 3985 14.
727 3936 818 3981 stultus
842 3936 949 3994 plerique
970 3932 1046 3985 Godd'.
1070 3938 1147 3982 tribus
1175 3941 1237 3994 apud

127 4003 160 4049 be
169 4005 233 4049 Brun
252 4007 358 4059 exeeptis
376 4019 415 4062 ap.
431 4006 500 4052 batt.
517 4006 545 4061 1,
560 4003 602 4051 21.
642 4003 683 4051 16.
703 4004 787 4050 rddere
804 4011 843 4049 eat
858 4005 896 4050 Pii
912 4004 971 4053 cdd.
986 4003 1025 4054 dl.
1037 4007 1080 4052 W.
1102 4029 1131 4040 -
1151 4007 1239 4054 uidere

128 4072 157 4117 G.
170 4073 200 4118 E.
213 4074 243 4118 1..
258 4075 308 4120 Gif.
320 4075 350 4118 ll.
370 4098 404 4109 ·-
421 4074 510 4120 addetis
529 4077 558 4122 C.
572 4075 632 4124 Edd.
647 4080 704 4121 vett.
718 4080 772 4119 ante
785 4075 870 4120 bamb.
886 4072 910 4120 1.
954 4072 995 4120 17.
1014 4077 1073 4136 quoi
1085 4077 1131 4122 Ad.
1145 4077 1188 4123 W.
1203 4071 1246 4111 -’

127 4142 168 4200 qui
184 4143 215 4187 G.
228 4143 257 4189 G.
272 4144 302 4189 E.
324 4165 353 4176 -
373 4158 445 4205 quom
459 4147 548 4206 Vulgo.
602 4143 643 4191 19.
663 4145 765 4190 sernotu'
789 4145 819 4190 B.
840 4157 864 4190 v.
885 4141 915 4200 2,
937 4140 995 4190 ⁶48.
1024 4166 1058 4182 -
1087 4153 1183 4194 remota
1203 4147 1233 4192 G.

128 4209 169 4256 21.
188 4226 304 4272 quemque
321 4213 352 4258 A.
368 4215 399 4260 L.
437 4211 479 4261 22.
497 4217 583 4262 nullus
598 4213 628 4261 L.
646 4214 695 4261 eit.
712 4213 774 4260 Fan.

173 4293 261 4348 Eclogac
275 4295 332 4338 Post.
347 4296 390 4338 Lat
963 4295 983 4357 2
