2948 4820
206 199 268 268 396

291 363 330 425 In
352 361 471 426 somnis
494 363 623 448 quoties
643 363 770 448 gelidos
793 363 923 428 haurire
945 364 1088 447 liquores

355 457 456 520 Visus
478 469 509 521 et
530 459 671 522 herboso
694 459 814 540 pellere
836 459 927 522 sonte
949 457 1049 522 sitim!

293 555 399 635 Quom
424 552 499 616 mibi
520 572 688 616 succensas
710 563 853 628 torreret
873 553 985 618 anhela
1009 549 1160 618 medullas
1292 556 1337 618 35

355 647 470 710 Febris
500 657 531 712 et
553 659 624 710 ante
645 647 761 713 scaalos
784 659 871 722 mors
892 645 981 732 lqret
1003 657 1073 710 atra
1095 667 1196 712 meos.

294 741 392 804 Salve
415 751 500 804 terra
525 759 612 803 meae
634 727 766 806 set'van's
789 739 1096 824 cunabulagentis,
1146 813 1153 826 ι

358 837 461 896 Terra
484 845 598 915 potens
621 851 724 918 aequo
746 829 817 896 iure
839 833 1007 916 Deumque
1030 846 1128 900 metu.

295 927 406 991 Serior
428 925 478 988 his
501 925 617 992 utinam
641 947 691 989 nae
714 927 851 989 vallibus
874 928 1011 1008 occupet
1033 937 1143 1004 aetas,

357 1019 447 1100 Quas
469 1019 544 1082 olim
567 1029 694 1084 veteres
715 1019 894 1084 incoluistis
917 1020 982 1082 avi.
1193 1053 1198 1060 ·
1267 1023 1339 1096 ,lo

293 1115 363 1177 Nec
387 1113 461 1176 mihi
484 1111 635 1176 deficiant
654 1114 769 1176 hortus
792 1113 913 1197 lidique
935 1114 1080 1192 sodales,
1221 1121 1225 1128 '

357 1208 428 1268 Nec
450 1206 577 1288 liquor,
601 1205 632 1266 in
655 1205 768 1286 patriis
790 1228 885 1290 quem
905 1207 981 1282 ,tulit
1002 1229 1065 1270 rava
1086 1206 1185 1291 iugis.

293 1295 478 1377 Neo'lyra,
499 1297 634 1360 'maturis
657 1299 743 1362 vires
765 1298 974 1362 adimentibus
997 1297 1101 1378 annis,

357 1390 467 1454 Triste
490 1390 660 1454 senectutis
684 1411 766 1474 quae
787 1392 859 1457 lere
881 1395 995 1455 reddat
1018 1413 1112 1457 onus.

296 1483 491 1570 Pegasides,
515 1482 644 1568 requies
667 1505 815 1548 curarum
838 1485 908 1550 sola
930 1507 1091 1563 mearum,
1292 1486 1337 1549 45

358 1581 431 1642 Vos
456 1599 539 1661 ego,
564 1580 651 1660 quod
673 1591 839 1660 superest,
863 1589 988 1661 tempus
1010 1579 1042 1642 in
1065 1599 1159 1643 omne
1181 1577 1302 1652 colam3
1403 1573 1406 1580 ’

295 1673 368 1738 Vos
392 1676 462 1734 date
486 1669 661 1746 Castaliae,
685 1682 793 1734 vatum
816 1671 868 1754 pia
891 1673 1042 1746 numina,
1066 1684 1176 1736 vestro

358 1767 462 1830 Plena
483 1765 644 1828 sacerdoti
665 1765 782 1847 pocula
805 1786 916 1828 rursus
940 1787 1054 1849 aquae.

296 1861 367 1924 Nec
390 1857 465 1920 mibi
487 1856 528 1920 sit
551 1860 686 1930 damno,
712 1861 799 1942 quod
822 1881 871 1921 me
893 1859 1063 1923 lacrimosa
1084 1857 1194 1944 coie'git

357 1951 490 2016 Proelia
513 1954 643 2014 deserto
666 1952 761 2014 Mars
784 1950 943 2016 Helicone
964 1952 1068 2038 sequi.
1107 1967 1113 1984 ¹
1293 1951 1339 2016 50

296 2049 372 2112 Non
396 2065 459 2129 ego
482 2043 639 2126 supposui
658 2042 752 2107 tectis
773 2043 953 2109 insontibus
975 2045 1085 2129 ignes,

359 2141 458 2204 Facta
480 2158 539 2201 nec
560 2135 676 2201 iniusta
699 2149 747 2200 est
770 2141 903 2203 dextera
925 2142 1021 2204 caede
1043 2159 1176 2204 nocens.

296 2239 342 2300 Et
364 2235 439 2298 licet
462 2235 500 2295 ad
523 2253 656 2317 magnos
679 2230 815 2296 victoria
838 2233 966 2296 flexerit
987 2235 1119 2311 hostes,

359 2331 461 2393 Arma
483 2338 587 2388 tamen
610 2345 705 2388 causa
727 2346 790 2408 pro
812 2326 950 2391 meliore
972 2326 1042 2391 tuli.

293 2427 368 2488 Vos
390 2441 520 2508 qunque
543 2441 610 2482 snm
633 2420 731 2483 lituos
753 2420 837 2482 inter
860 2431 1031 2483 veneratus
1054 2431 1086 2484 et
1108 2439 1218 2494 enses,
1243 2443 1247 2452 ·
1295 2419 1338 2482 55

361 2515 520 2597 Quodque
541 2511 604 2575 suit
626 2533 760 2576 vacuum
783 2522 911 2595 tempus
935 2515 974 2574 ab
996 2515 1109 2589 hoste,
1133 2507 1217 2576 dedi.

297 2611 412 2693 Deque
434 2618 484 2672 tot
506 2605 626 2670 amissis
649 2604 742 2669 etiarn
766 2629 850 2669 nunc
871 2627 974 2689 pauca
996 2616 1169 2688 supersunt

361 2701 529 2777 Carmina,
554 2699 683 2762 militiae
705 2710 853 2783 tempore
875 2701 960 2762 facta
982 2719 1081 2767 meae.

297 2797 392 2860 Vade
416 2797 573 2878 agedum,
597 2813 773 2858 consuesce
795 2793 862 2876 legi
885 2795 1093 2877 manibusque
1115 2789 1234 2866 teneri,

361 2891 487 2964 Parve,
512 2888 568 2951 sed
591 2883 716 2950 auctori
737 2907 810 2950 care
831 2887 940 2952 libelle
962 2891 1038 2951 tuo!
1295 2885 1340 2944 60

298 2986 374 3049 Non
397 3003 460 3066 ego
483 2993 515 3044 te
538 2980 633 3044 viridi
657 2979 753 3064 genui
775 2982 942 3063 proiectus
963 2982 995 3046 in
1018 2982 1151 3055 umbra,

363 3075 437 3139 Otia
462 3095 542 3156 quae
564 3073 664 3136 sacris
688 3073 813 3138 vatibus
836 3097 906 3140 esse
928 3075 1053 3138 solent:

298 3175 360 3236 Sed
382 3167 522 3252 trepidas
543 3165 627 3229 inter
648 3187 794 3251 pugnas,
820 3170 893 3230 dum
917 3166 1056 3231 Carolus
1079 3164 1176 3228 artnis

363 3263 483 3328 Caesar
506 3261 545 3323 ad
565 3257 720 3323 infaustas
743 3259 889 3323 fulminat
911 3260 1005 3324 Albis
1028 3279 1140 3342 aquas.

301 3363 353 3424 Tu
377 3355 452 3420 mibi
475 3375 621 3417 otmarum
644 3353 792 3440 requies:
816 3366 851 3416 tu
874 3353 964 3416 dulce
986 3352 1153 3427 laborum,
1299 3351 1341 3414 65

363 3453 464 3531 Saepe
489 3449 539 3511 vel
562 3449 701 3511 obscura
723 3458 838 3523 nocte,
861 3447 1005 3511 levamen
1030 3467 1115 3509 eras.

299 3543 542 3628 Qualiscumque
566 3541 642 3604 meis
664 3540 756 3604 rivas
779 3538 960 3603 diuturnior
983 3538 1091 3613 annis,
1117 3615 1119 3620 Ι

363 3641 491 3722 Perque
515 3656 624 3698 manus
648 3655 739 3698 serae
760 3632 958 3716 posteritatis
982 3653 1049 3696 eas.

301 3737 427 3818 Aspera
452 3754 522 3796 cum
545 3727 684 3793 numeris
708 3725 914 3811 gravioribus
939 3733 1026 3788 arma
1048 3723 1169 3788 valete!

364 3829 437 3891 Pax
459 3824 565 3902 iuvat,
590 3819 623 3885 in
645 3819 765 3884 teneris
787 3819 850 3882 sint
872 3839 940 3882 mea
962 3839 1062 3904 regna
1083 3815 1198 3884 modis.
1261 3815 1344 3877 ,to
1456 3803 1457 3826 ¹

616 4149 951 4176 ³*-
