2948 4820
224 209 286 274 aab

231 370 362 454 incipe,
387 373 458 434 dum
482 368 593 433 salices
614 365 722 442 bardi,
746 367 817 429 druna
842 362 985 448 grannius
1010 382 1124 426 vaceae

231 473 414 538 Detoudent
438 471 595 554 viridique
617 491 732 552 greges
754 467 940 549 permittere
963 487 1077 546 campo

232 577 275 638 Et
298 595 353 638 ros
376 584 407 636 et
430 573 521 655 primi
544 575 653 634 scandet
676 569 839 633 clementia
862 569 952 632 solis.

230 679 302 740 Tit.
347 679 419 739 Hos
441 695 539 736 anuos
562 693 734 754 canamque
758 694 876 744 meam,
902 669 976 732 mibi
999 689 1089 744 care,
1114 680 1270 732 serreclaua

230 783 282 842 'l'u
306 776 428 842 iuvenis
449 797 606 858 carusque
629 776 695 837 deis
716 775 748 837 iu
770 775 908 836 carmina
931 771 1046 856 cogis?
1307 773 1347 832 10

230 880 380 942 Viximus
402 890 433 940 et
456 877 583 940 calamis
608 898 718 940 versus
741 875 939 938 cantavimus
962 875 1057 950 olim,

228 983 311 1048 Drun
335 1000 445 1044 secura
469 981 583 1042 lrilares
606 991 691 1040 aetas
714 980 840 1040 ludebat
864 999 1004 1040 aanores.

228 1086 322 1146 Neine
343 1083 446 1144 album
470 1091 620 1162 caputet
645 1100 775 1142 verteres
800 1091 931 1160 tepuere
953 1081 1011 1140 sub
1036 1077 1141 1140 annis:

227 1185 294 1248 Iam
320 1204 385 1244 mea
409 1182 569 1245 ruricolae
591 1183 745 1262 dependet
768 1181 871 1243 listula
896 1181 1021 1243 Fauno.

228 1287 277 1348 'l'e
300 1307 382 1346 nuuc
404 1305 478 1346 rura
501 1295 639 1347 sonant:
666 1304 767 1363 rrrrper
790 1304 858 1344 nam
881 1283 1019 1344 carmine
1043 1280 1147 1342 victor
1301 1283 1340 1342 15

229 1387 339 1450 Risisti
361 1388 498 1450 calamos
522 1397 553 1448 et
575 1386 701 1448 dissona
725 1385 849 1446 flamina
874 1383 1006 1465 Mopsi,

227 1489 337 1552 Iudice
361 1510 422 1551 me.
467 1489 598 1550 Mecum
621 1489 729 1551 senior
752 1487 936 1550 Meliboeus
960 1496 1130 1565 utrumque

226 1590 383 1653 Audierat
405 1591 575 1671 laudesque
598 1601 666 1652 maa
688 1590 822 1652 sublime
844 1589 987 1662 lerebat3
1060 1623 1062 1630 ,

227 1692 328 1770 Quem
353 1713 435 1754 nurue
457 1691 604 1754 emeritae
626 1712 825 1772 permensum
849 1703 993 1771 tempora
1017 1689 1100 1752 vitae

225 1794 347 1856 Secreti
370 1813 444 1876 pars
468 1793 556 1856 orbis
580 1796 673 1854 babet
696 1797 892 1875 mundusque
915 1793 1058 1872 piorrrm.

225 1897 333 1976 Quare
356 1917 432 1978 age,
457 1895 566 1979 siqua
590 1895 649 1957 tibi
672 1895 827 1958 Meliboei
851 1894 955 1977 gratia
979 1893 1078 1967 vivit,

223 1997 319 2061 Dicat
341 1999 516 2060 honoratos
540 1997 718 2078 praedulcis
742 1996 819 2058 tibia
842 2017 961 2060 manes.

223 2100 316 2164 Tim.
357 2100 400 2162 Et
422 2121 537 2180 parere
559 2102 649 2161 decet
672 2099 761 2160 iussis
784 2111 814 2160 et
837 2111 926 2182 grata
948 2098 1119 2162 iubentur:

222 2203 369 2284 Namque
391 2201 451 2263 fuit
474 2201 589 2283 dignus
611 2201 734 2275 senior,
760 2223 851 2285 quem
875 2201 1013 2264 carmine
1037 2203 1208 2274 Phoebus,

222 2304 292 2366 Pau
314 2301 443 2365 calamis
465 2302 642 2383 fidibusque
666 2304 783 2380 Linus,
811 2302 1022 2365 modulatibus
1043 2304 1195 2383 Orpheus
1301 2303 1342 2364 95

224 2403 440 2469 Conciuerent
463 2415 558 2488 alque
582 2417 650 2466 acta
672 2405 734 2466 viri
756 2406 927 2490 laudesque
949 2416 1113 2467 sonarent.

224 2507 289 2568 Sed
311 2504 384 2590 quia
407 2517 440 2567 tu
463 2518 594 2568 noslrae
617 2507 746 2570 Musam
769 2506 918 2588 deposcis
940 2527 1075 2581 avenae,

221 2606 363 2688 Accipe,
389 2629 469 2691 quae
492 2629 588 2690 super
610 2609 673 2671 hoc
696 2629 841 2685 cerasus,
877 2629 970 2694 quam
1001 2608 1104 2671 cernis
1135 2611 1173 2670 ad
1196 2625 1341 2679 amnem,

221 2707 394 2784 Continet,
418 2708 518 2772 inciso
542 2731 676 2772 servans
697 2731 763 2771 mca
787 2710 926 2773 carmina
952 2711 1049 2773 libro.

221 2811 294 2875 Tit.
339 2810 418 2886 Die,
443 2832 522 2894 age3
546 2815 602 2874 scd
623 2812 715 2875 nobis
737 2832 778 2874 ue
801 2822 899 2876 vento
924 2815 1052 2896 garrula
1075 2811 1167 2893 pinus
1297 2812 1340 2874 30

221 2913 417 2994 Obstrcpat,
441 2915 497 2976 has
522 2915 624 2976 ulmos
648 2915 754 2996 potius
776 2914 936 2999 fagosque
959 2926 1113 2996 petamus.
1139 2948 1179 2960 —-

221 3015 313 3079 Tim.
358 3017 422 3078 Hic
444 3028 572 3079 eantare
595 3017 694 3080 libet:
721 3016 837 3079 virides
859 3037 929 3077 nam
952 3015 1079 3078 stabiicit
1102 3016 1218 3077 herbas

221 3117 334 3180 Mollis
358 3139 437 3201 ager
458 3119 584 3201 lateque
608 3130 691 3182 tacet
713 3140 822 3182 nemus
846 3139 956 3191 ornne;
980 3117 1100 3200 quieti,

219 3219 359 3299 Aspice,
385 3231 418 3281 ut
441 3225 538 3284 eece}
560 3221 673 3302 procul
697 3224 870 3302 decerpant
893 3222 1035 3303 gramina
1059 3218 1155 3282 tauri.

262 3321 474 3404 Omniparens
496 3324 620 3389 Aether
643 3333 692 3398 et,
716 3343 824 3386 rerum
845 3341 957 3398 eausa,
981 3319 1164 3403 Liquores,
1298 3322 1339 3385 35

218 3422 379 3505 Corporis
400 3432 432 3486 et
455 3423 619 3508 genetrix,
645 3425 774 3499 Tellus,
798 3422 903 3486 vitalis
926 3434 959 3485 et
982 3423 1074 3497 A'e'r,

218 3524 364 3606 Accipite
386 3527 447 3589 hos
470 3527 608 3589 calamos
632 3538 727 3610 atque
750 3528 828 3588 haec
849 3535 963 3588 nostro
987 3524 1154 3589 Meliboee

219 3627 355 3706 Mittite,
379 3629 406 3690 si
428 3623 544 3691 sentire
567 3632 660 3692 datur
681 3627 843 3710 postlata
865 3627 993 3711 quietis.

217 3731 299 3822 Nam
321 3729 347 3791 si
369 3730 519 3793 sublimes
541 3731 663 3794 animae
686 3729 831 3793 caelestia
855 3729 970 3812 templa

216 3831 423 3914 sidereasque
446 3834 555 3896 colunt
577 3837 667 3896 sedes
690 3836 870 3916 mundoque
892 3833 1064 3908 lrrruutur,
1232 3913 1237 3920 ,
1297 3837 1338 3896 to

216 3933 266 3994 Tu
290 3945 419 3998 nostros
442 3937 579 3999 adverle.
596 3938 725 4009 modos,
750 3956 831 4018 quos
853 3935 921 4016 ipse
945 3935 1086 4018 benigno

202 4029 354 4099 'Pectore
377 4036 508 4114 fovisti,
534 4059 614 4120 quos
638 4047 691 4113 tu,
716 4036 899 4112 Meliboee,
924 4036 1079 4119 probasti.

214 4139 329 4216 Longa
353 4137 410 4199 tibi
432 4139 616 4222 cunctisque
639 4140 692 4202 diu
715 4150 858 4219 spectata
880 4151 1025 4202 senectus

211 4236 398 4320 Felicesque
422 4239 493 4302 anui
516 4240 680 4321 nostrique
703 4240 895 4310 novissimus
918 4241 991 4304 aevi
