2952 4826
179 403 394 468 Praeteritum
414 399 567 483 spatium,
590 410 657 463 tum
679 411 786 464 motus
805 380 948 462 materiai

181 501 391 568 Multimodei
413 525 506 589 quam
529 502 608 578 sint;
632 502 728 566 sacile
751 504 816 566 hoc
839 504 1012 566 accredere
1033 502 1139 586 possis

183 606 308 670 Semina
326 627 420 688 saepe
441 604 475 669 in
493 608 623 680 eodem,
647 616 681 668 ut
701 626 785 668 nunc
804 616 891 681 sunt,
915 603 1029 668 ordine
1050 615 1163 686 posta:
1238 606 1302 670 870

180 711 249 772 Nec
271 709 406 772 memori
427 718 530 771 tamen
550 708 584 771 id
604 707 731 794 quimus
750 709 987 790 reprehendere
1009 718 1130 782 meute;

179 813 267 874 luter
288 811 372 874 enim
390 810 503 874 iectast
526 810 603 873 vitai
624 832 722 893 pausa
744 831 890 896 vageque
1158 811 1168 818 “

176 916 360 979 Dierrarunt
382 911 499 996 passim
521 923 628 977 motus
651 914 692 974 ab
712 911 855 976 sensibus
879 934 1001 978 omnes.

176 1017 284 1082 Debet
302 1014 405 1091 cuim,
428 1014 543 1078 misere
564 1025 611 1078 est
633 1013 713 1100 quoi
733 1014 822 1078 forte
845 1036 1006 1100 aegreque
1027 1015 1186 1093 futurum,

176 1122 252 1202 Ipse
272 1139 401 1204 quoque
416 1140 484 1182 esse
506 1116 539 1180 in
554 1139 594 1181 eo
609 1126 676 1179 tum
690 1127 854 1198 tempore,
879 1139 979 1203 quom
1002 1118 1083 1181 male
1102 1118 1205 1202 possit
1238 1119 1299 1183 875

177 1221 357 1285 Accidere:
383 1219 416 1284 id
437 1219 587 1306 quoniam
610 1241 698 1284 mors
715 1218 828 1283 eximit
850 1241 981 1306 esseque
1003 1221 1158 1303 prohibet

178 1323 305 1399 Ollnm,
329 1321 408 1408 quoi
427 1322 552 1405 possint
574 1322 780 1386 incommoda
804 1321 992 1399 conciliari,

177 1429 270 1488 Haec
289 1429 417 1500 cadem,
441 1425 559 1509 quibus
580 1445 597 1487 e
619 1445 703 1487 nunc
724 1445 784 1488 nos
803 1446 927 1500 sumus,
951 1435 1022 1490 ante
1044 1425 1159 1503 fuisse,

178 1527 270 1590 Scire
291 1527 367 1590 licet
390 1526 484 1590 nobis
507 1525 551 1588 nil
575 1547 642 1588 esse
667 1525 699 1587 in
721 1537 826 1589 morte
850 1525 1042 1591 timendum:

177 1633 248 1692 Nec
271 1628 420 1692 miserum
440 1629 528 1704 fieri,
552 1627 691 1713 quinon
709 1640 772 1704 est,
795 1650 909 1711 posse;
932 1651 1036 1715 neque
1057 1629 1157 1695 hilum
1237 1633 1299 1695 880

175 1731 336 1808 Differre,
357 1753 396 1795 an
414 1729 503 1794 nullo
528 1731 625 1794 suerit
645 1729 705 1792 iam
725 1742 873 1811 tempore
894 1742 1004 1804 natus3

177 1835 356 1898 Mortalem
380 1833 477 1897 vitam
496 1854 585 1897 mors
608 1854 707 1917 quom
726 1831 920 1896 immortalis
942 1831 1071 1897 ademit.

241 1936 403 2011 Proinde,
426 1935 482 1998 ubi
502 1957 536 2000 se
559 1935 668 1998 videas
690 1935 850 1998 hominem
869 1934 1069 2021 indignarier
1090 1936 1211 2019 ipsum,

175 2040 258 2103 Post
278 2049 413 2101 mortem
432 2037 523 2113 fore,
550 2048 584 2100 ut
606 2050 659 2100 aut
683 2047 828 2120 putescat
849 2058 991 2120 corpore
1013 2051 1110 2121 posto

177 2143 244 2204 Aut
265 2139 399 2203 flammis
420 2139 560 2203 interfiat
584 2139 714 2203 malisve
733 2140 892 2216 ferarum;
1232 2143 1294 2207 885

176 2243 267 2308 Scire
286 2243 362 2307 licet
382 2264 446 2306 non
466 2241 627 2305 sincerum
647 2262 762 2306 sonere
785 2252 879 2327 atque
902 2245 1031 2308 subesse

176 2345 316 2411 Caecum
339 2344 476 2430 aliquem
498 2343 592 2409 cordi
613 2343 791 2420 stimulum;
815 2345 960 2430 quamvis
983 2358 1079 2431 neget
1099 2346 1168 2430 ipse

177 2447 320 2513 Credere
341 2468 374 2510 se
397 2467 588 2533 quemquam
607 2445 668 2509 sibi
691 2468 816 2510 sensum
837 2445 872 2509 iu
892 2459 996 2511 morte
1019 2448 1174 2514 futurum.

175 2552 270 2626 Nou,
294 2561 328 2611 ut
350 2549 488 2631 opinor,
512 2547 595 2612 enim
619 2551 691 2626 dat,
715 2551 804 2633 quod
823 2548 987 2632 promittit
1006 2561 1036 2613 et
1059 2554 1158 2628 uude,

175 2655 247 2715 Nec
267 2645 420 2714 radicitus
438 2673 456 2715 e
476 2650 545 2714 vita
565 2673 599 2714 se
620 2650 707 2714 tollit
728 2660 759 2712 et
784 2648 879 2726 eicit,
1235 2655 1297 2719 890

175 2863 327 2908 manifestum
353 2867 389 2906 est
413 2876 546 2917 pronomen
570 2875 688 2917 personae
712 2861 751 2906 bic
768 2861 855 2905 falsum
873 2862 964 2906 inferre
983 2865 1134 2908 sententiam.
1190 2863 1249 2910 876.
1270 2865 1298 2910 id

174 2934 251 2978 Codd.
266 2945 358 2976 ornnes.
370 2932 431 2975 Edu.
443 2937 501 2976 vett.
513 2931 551 2974 lb.
571 2931 675 2991 esseque
686 2929 806 2989 prohibet
821 2931 896 2976 Codd.
909 2929 950 2986 2.,
965 2947 1036 2990 quam
1051 2935 1211 2990 synaloephen
1225 2949 1297 2993 quum

174 3003 271 3047 librarii
290 3017 336 3046 non
356 3007 547 3059 concoquereut,
569 3002 645 3045 Codd.
661 2999 685 3046 4.
702 2999 871 3058 (etc.)B1-ix.
891 3015 947 3046 esse
963 2999 1068 3060 prohibe
1085 3005 1143 3048 Ver.
1170 3018 1226 3049 eeee
1235 3019 1296 3062 pro-

174 3071 231 3116 hibe
243 3070 301 3116 inde
314 3074 376 3116 Veu.
397 3084 453 3115 eeee
467 3070 525 3114 inde
535 3071 582 3114 Δν.
602 3083 658 3115 esee
668 3070 773 3129 perinde
784 3069 814 3115 0.
835 3083 891 3114 esse
902 3073 1013 3127 proclive
1027 3070 1065 3120 Ω.
1085 3086 1140 3116 esse
1149 3074 1294 3129 probatum.

175 3143 310 3201 Naugerius
321 3144 343 3185 in
354 3142 409 3186 Ald.
430 3147 456 3185 ut
473 3141 591 3201 quonium
610 3154 679 3185 mors
696 3141 789 3184 eximit
805 3139 833 3184 td
841 3138 1019 3200 prohibetque,
1039 3143 1099 3186 unde
1112 3144 1206 3187 landem
1219 3158 1297 3188 erner-

174 3213 206 3257 sit
228 3211 323 3272 bamb„
339 3211 408 3266 (llas.
428 3210 486 3264 rel.)
502 3215 683 3254 corruueutum:
704 3215 731 3253 ut
748 3225 770 3268 q·
791 3222 825 3253 m.
845 3224 868 3253 e.
888 3211 922 3253 im
936 3209 1114 3270 prohibetque,
1134 3226 1163 3256 ex
1182 3213 1292 3261 Macrob.

173 3285 226 3326 Sat.
241 3279 271 3335 1,
288 3279 312 3328 l.
330 3281 356 3324 in
371 3279 432 3325 XII.
451 3279 546 3324 tubulis
573 3303 606 3314 -
634 3277 695 3322 huee
712 3285 786 3323 eunt:
811 3279 836 3323 ei
859 3280 894 3322 im
911 3281 1005 3339 aliquia
1023 3281 1131 3334 oreisit5
1160 3303 1189 3313 —-
1218 3282 1249 3326 eb
1268 3297 1296 3327 so

173 3349 239 3411 quod
254 3356 293 3395 eal
310 3351 348 3404 is,
368 3363 418 3394 non
432 3363 488 3394 eum
508 3371 538 3382 -
558 3348 605 3393 sed
621 3350 656 3392 im
668 3349 799 3393 dixerunt.
837 3346 897 3394 878.
917 3363 930 3393 e
949 3351 1008 3394 Cdd.
1022 3347 1046 3394 3.
1061 3349 1293 3397 Wakefieldietmei

173 3424 230 3467 duo.
253 3441 282 3452 ·-
303 3426 327 3464 et
344 3420 405 3464 Edd.
419 3425 476 3464 vett.
488 3419 560 3463 1„ss,
580 3420 735 3464 Coustructio
755 3420 789 3462 sic
809 3420 964 3474 explicanda:
984 3421 1200 3477 „Quomammors
1214 3422 1297 3466 eximit

172 3487 301 3550 (eushebt)
318 3492 357 3544 id,
388 3495 410 3534 et
428 3491 502 3533 fuisse
522 3495 576 3532 aute
600 3488 761 3548 (subiectum,
792 3483 826 3536 τὸ
846 3488 1068 3555 προγεγονέναι)
1093 3490 1205 3544 prohibet
1227 3491 1296 3534 illum

172 3561 225 3618 (qui
244 3565 292 3604 tum
303 3560 386 3613 vixit),
406 3559 443 3603 cni
455 3559 547 3614 possint
559 3559 708 3602 incommoda
721 3559 844 3612 accidere,
866 3571 919 3602 esse
937 3559 995 3601 haec
1015 3560 1097 3602 eadem
1116 3559 1206 3602 semina
1226 3561 1294 3616 (con-

174 3635 239 3675 stare
258 3630 295 3674 his
314 3631 399 3674 iisdem
418 3625 576 3684 seurinibus).
606 3640 618 3671 e
639 3628 725 3684 quibus
749 3641 810 3671 nuuc
834 3641 879 3672 nos
903 3639 986 3670 snmus
1010 3629 1165 3682 compositi.”
1192 3630 1295 3688 Vulgata

173 3701 317 3744 haeserat:
347 3722 380 3731 —
406 3697 546 3743 Accidere:
573 3702 600 3740 et
617 3698 734 3755 quonium
753 3710 822 3741 ruore
841 3697 932 3740 eximit
949 3697 984 3740 im
999 3695 1176 3756 prohibetque,
1203 3697 1293 3752 Illum,

172 3769 232 3828 quoi
248 3769 350 3825 possint
376 3766 533 3811 incommoda
557 3767 705 3820 conciliari,
737 3765 807 3810 Haec
831 3765 932 3821 eedem,
964 3767 991 3810 in
1016 3767 1105 3826 quibus
1124 3773 1148 3810 et
1165 3781 1231 3812 nunc
1249 3781 1295 3813 tuoe

173 3852 277 3892 suenus,
297 3833 464 3894 antefuisse.
503 3834 563 3880 881.
583 3850 618 3880 un
637 3835 717 3895 nullo]
737 3837 777 3880 Sic
794 3836 867 3880 etiam
878 3835 909 3880 E.
924 3835 995 3880 L.ll.
1016 3858 1046 3868 -
1067 3850 1100 3880 en
1119 3837 1170 3881 ullo
1186 3851 1198 3882 e
1215 3837 1293 3896 Lugd

173 3913 274 3966 utroque
285 3908 314 3951 F.
332 3908 414 3963 sicque
431 3907 502 3950 etiam
513 3906 541 3949 (l.
559 3910 642 3950 eontra
656 3911 769 3951 irrelrum,
789 3903 826 3948 At·
836 3919 894 3949 vero
907 3906 993 3960 duplex
1010 3907 1104 3964 negatio
1120 3912 1185 3952 recte
1199 3922 1225 3952 se
1239 3909 1262 3952 h.
1276 3910 1293 3952 l.

172 3977 258 4030 habet,
279 3977 342 4020 utin
358 3977 407 4020 illis
424 3977 476 4020 Cic.
493 3977 590 4019 nullium
608 3989 735 4019 nrsrnmum
750 3973 838 4018 debere
853 3975 960 4018 nemini.
983 3995 1012 4006 -
1038 3989 1054 4018 a
1073 3977 1148 4021 nullo
1161 3992 1214 4021 cum
1232 3979 1292 4022 Cdd.

171 4048 245 4103 aliqq.
254 4046 314 4089 Edd.
325 4051 381 4090 vett.
391 4047 465 4089 Wak.
486 4069 518 4078 -
537 4042 663 4106 Differre,
678 4047 747 4088 nullo
757 4043 847 4090 Eichst.
885 4041 942 4088 882.
960 4056 1033 4103 quom
1045 4058 1057 4089 e
1069 4046 1129 4090 Cdd.
1138 4048 1179 4091 W.
1195 4069 1223 4080 -
1238 4048 1296 4106 quoi

172 4116 204 4159 E.
221 4114 249 4158 L.
265 4116 295 4158 ll.
333 4111 564 4159 883cmieerurier
579 4114 608 4158 1..
647 4111 706 4158 ast.
730 4119 851 4170 -putee
870 4115 932 4157 miro
951 4115 1126 4160 erroreCodd.
1147 4117 1254 4174 plerique
1271 4121 1295 4158 et

172 4185 234 4228 Edd.
251 4189 308 4228 vett.
329 4207 362 4217 -
384 4189 515 4241 putrescet
529 4184 574 4228 Ar.
592 4184 622 4228 P.
639 4185 667 4227 F.
688 4183 784 4228 Rettuui
800 4197 853 4226 rum
867 4182 927 4227 Cot.
947 4182 978 4228 Ο.
996 4189 1020 4228 et
1037 4199 1090 4230 iuteo
1104 4186 1133 4230 C.
1150 4184 1293 4230 Wakefieldi

168 4259 295 4312 putescat.
324 4253 376 4298 Cir.
400 4254 452 4299 Cic.
473 4255 501 4298 de
515 4253 569 4302 Nat.
585 4253 615 4297 D.
631 4251 660 4308 2,
678 4252 700 4311 §.
719 4249 777 4299 1⁶0.
797 4252 889 4298 Arucb.
912 4250 947 4308 7,·
963 4251 1004 4299 17.
1061 4254 1120 4301 889.
1141 4251 1291 4301 undss.c.

171 4323 240 4368 Bria.
262 4347 294 4358 -
313 4322 370 4368 inde
381 4325 443 4369 Ver.
456 4325 517 4368 Ven.
535 4324 579 4368 At.
598 4324 657 4368 llev.
681 4345 709 4356 -
725 4337 769 4382 pr.
790 4321 886 4368 abiendo
902 4326 931 4369 Α.
946 4323 974 4367 L.
