2948 4820
2 4 188 293 Γ

188 380 276 448 Vitis
298 351 405 444 amans
427 379 541 444 fundat
562 377 691 444 brachia
713 379 798 442 lenta
822 399 932 460 super.
955 467 958 476 ⁸

3 545 4 556 ,
124 485 218 550 Haec
240 484 350 546 merita
374 493 422 546 est
443 483 578 546 facunda
601 481 662 545 viri
684 480 856 564 sapientia,
880 483 971 546 mulla
1179 481 1243 576 [5

191 588 282 668 Quae
304 585 453 652 redolens
476 585 591 648 Musas
615 584 736 647 miscuit
758 595 789 646 et
811 585 967 648 Veneres.
1069 633 1072 639 .

661 769 716 832 46.

72 873 92 1118 1
125 892 206 955 Flos
229 900 355 965 ratum,
380 888 579 970 Sophocles,
602 889 788 952 canentibus
810 887 928 953 occidis
951 861 1062 965 annis,

173 994 273 1062 ¹Dum
295 989 426 1076 stringit
447 990 558 1055 iatrces
580 1008 643 1054 uva
665 1003 805 1056 coauesta
827 1001 910 1054 tuas.

660 1175 713 1240 47.

125 1300 156 1364 Ο
179 1295 234 1383 quui
257 1294 384 1360 Pieriae
409 1293 573 1373 thalamis,
597 1294 772 1377 Euripide,
796 1296 887 1359 vadis

188 1403 264 1464 Non
286 1411 446 1462 cessatura
469 1409 562 1462 nocte
585 1397 741 1481 quiescis,
765 1419 837 1462 ave.

124 1504 201 1566 Hoc
222 1505 282 1564 suh
304 1503 400 1564 hurino
424 1511 454 1562 te
476 1500 559 1564 scire
582 1499 695 1577 velim,
721 1500 776 1562 tihi
798 1521 934 1583 surgere
958 1501 1064 1565 laitdes

187 1605 384 1686 Perpetuus,
408 1615 540 1686 qtmntas
563 1623 695 1686 maguus
718 1604 880 1666 Hosrrerus
903 1605 1008 1669 hahet.

659 1789 713 1853 48.

123 1910 244 1975 Flenda
266 1907 393 1993 quidem
415 1908 546 1974 muitum
568 1918 621 1972 tua
645 1928 750 1983 mors,
775 1907 951 1991 Euripide,
976 1911 1062 1992 uttod
1085 1918 1117 1972 te

187 2014 270 2075 Esse
292 2010 385 2093 lupos
408 2009 493 2074 soliti
515 2012 695 2073 dissecuere
718 2032 832 2086 canes,

124 2113 309 2176 Lusciniam
330 2133 481 2186 scaenae,
506 2133 652 2194 magnum
676 2116 771 2175 decus
795 2112 993 2188 Erechthei,

187 2215 251 2295 Qui
273 2213 417 2297 sophiam
441 2215 596 2297 Tragicas
619 2213 727 2276 adiieis
751 2218 789 2276 ad
812 2215 977 2278 Veneres,

124 2318 170 2381 At
193 2319 344 2380 ttuuulutn
368 2315 426 2379 tihi
449 2317 539 2381 Pelia
562 2316 668 2392 dedit,
693 2317 862 2400 eruiturque
887 2316 988 2378 fidelis
1223 2317 1242 2381 5

185 2419 348 2484 Pieridum
370 2419 487 2483 coleris
509 2439 592 2482 nuuc
613 2440 717 2502 prope
741 2419 899 2484 Pieridas.

657 2605 712 2668 49.

122 2723 258 2789 Graecia
281 2733 398 2809 quiante
420 2735 526 2808 patet,
551 2736 785 2788 monumentum
809 2724 993 2806 Euripidis:
1022 2743 1096 2788 ossa

185 2829 290 2890 'l'erra
312 2827 393 2910 tegit
415 2829 595 2900 Macetdtn,
621 2838 705 2890 terra
729 2848 875 2909 suprema
901 2829 985 2891 viro.
1032 2886 1034 2890 .

120 2928 233 2994 Patria
256 2950 337 3013 quae
353 2930 494 2994 ‚Graecis
517 2928 618 3010 patria
642 2941 689 2991 est
711 2929 910 3004 communis,
936 2932 1102 2992 Athenae:

185 3031 281 3095 Musa
304 3031 370 3095 eius
391 3030 528 3114 placuit;
553 3031 620 3093 laus
642 3030 709 3095 sinc
736 3031 797 3096 [ine
821 3043 938 3094 manet.

657 3218 712 3281 50.

120 3339 196 3404 Non
221 3348 420 3402 monumenta
443 3347 495 3400 tua
519 3339 614 3414 haec,
629 3337 814 3421 ‘Ettripidm
839 3347 873 3401 tu
897 3338 997 3422 magis
1020 3337 1118 3422 ipsis:

184 3442 328 3526 Namque
351 3461 368 3504 a
391 3452 421 3504 te
444 3440 566 3504 tumulo
590 3438 724 3504 maxima
746 3441 831 3505 fama
855 3440 952 3505 venit.

656 3628 711 3693 51.

118 3749 195 3813 Non
219 3746 330 3811 mortis
353 3747 411 3812 tihi
433 3769 528 3812 causa
551 3769 664 3826 canes,
688 3748 862 3833 Euripida,
887 3749 944 3811 sed
966 3767 1025 3811 nee

182 3850 367 3927 Femineus,
392 3853 554 3914 Venerem
578 3855 650 3914 dum
665 3851 760 3936 -iugis
783 3853 871 3934 ipse,
895 3849 1005 3914 staron.

121 3951 278 4022 subduxit
300 3951 389 4015 senio
412 3965 443 4016 te
468 3973 572 4017 rnnrs:
599 3957 759 4018 Arethusa
784 3953 987 4042 sepulchrum
1094 3991 1096 4000 ι

181 4055 358 4120 Praebuits
380 4055 522 4120 immensi
544 4057 667 4120 iecerat
689 4057 883 4122 Archeieos.

119 4154 188 4220 Nec
211 4167 282 4217 ttuts
305 4155 355 4218 hic
378 4158 516 4220 tumulus
538 4179 586 4220 me
611 4156 732 4232 iudice,
756 4160 812 4224 sed
833 4177 924 4220 saera
948 4155 1079 4219 Baccho
1222 4155 1241 4219 5

181 4256 292 4322 Vestis
316 4269 347 4322 et
367 4257 398 4322 in
421 4277 536 4324 scaena
560 4269 683 4344 tempus
706 4258 738 4322 in
761 4279 854 4324 outae
877 4258 986 4322 favor.
