2948 4820
241 181 306 252 ³⁴6

241 337 411 426 Adspicias
433 337 487 406 ille
507 339 574 408 suis
595 341 674 408 haee
696 336 803 408 vibrat
822 340 950 428 fulgura
971 339 1092 409 cristis»

241 445 364 529 Meque
386 465 505 528 parens
526 453 638 510 contra
660 443 761 508 solam
784 443 872 510 ridet
894 465 932 508 ac
955 455 1051 510 vocat
1072 445 1177 526 ultro,

242 547 313 612 Ceu
335 547 436 623 solet,
460 557 491 610 et
514 546 626 610 blanda
649 546 754 628 poscit
776 567 826 610 rue
848 547 962 629 pabula
985 549 1107 632 lingua.

241 649 304 714 Dic
325 670 385 734 age
407 669 508 724 nrrnc,
531 659 636 712 utrum
660 647 806 732 vigilanti
828 650 1015 734 hostemque
1038 651 1157 716 videnti

241 751 386 816 Exuvias
407 751 536 815 arrlcrre
558 749 658 825 ralis,
682 773 721 814 an
743 750 859 815 lmuina
881 773 995 817 somno
1319 757 1363 818 65

241 852 424 938 ll'lrrgimua
447 863 479 916 et
500 851 652 916 domitum
675 853 783 936 potius
805 850 863 916 tibi
886 853 1037 917 tradimus
1058 855 1244 939 angncm?”

240 957 299 1022 llle
321 956 411 1032 silet,
437 965 541 1018 tantus
563 953 659 1018 subiit
681 965 716 1017 ut
738 953 871 1038 virginis
894 955 1028 1019 horror.

282 1059 413 1141 lamque
436 1076 546 1120 uranus
568 1054 700 1122 Colchis
722 1055 905 1138 crinemque
928 1054 1107 1120 intenderat
1130 1057 1245 1135 astris,

240 1159 389 1225 Carmina
414 1157 585 1224 barbarico
606 1157 743 1220 lundens
767 1159 868 1240 pede,
891 1169 988 1242 teque
1010 1157 1134 1236 ciebat,

240 1265 358 1326 Somne
380 1271 494 1342 patera
519 1262 659 1334 „Somne
681 1260 899 1342 erumpemus,
924 1271 957 1324 te
980 1258 1113 1326 Colchis
1136 1263 1176 1324 ab
1198 1261 1286 1324 ornei
1322 1265 1362 1324 tu

240 1364 330 1427 Orbe
353 1383 437 1426 voco
460 1360 555 1446 inque
577 1383 671 1424 rrnum
694 1360 790 1426 iubeo
812 1359 964 1426 ntrne'ire
986 1365 1171 1428 draconem.

241 1467 330 1546 Quae
351 1465 433 1528 treta
457 1485 552 1547 saepe
573 1474 633 1527 tuo
654 1461 781 1539 domui,
805 1485 888 1546 quac
910 1463 1017 1528 nubila
1038 1486 1141 1528 cornu

238 1567 447 1650 Fulminaquc
469 1578 500 1630 et
521 1577 593 1631 toto
614 1563 769 1648 quidquid
791 1564 886 1629 micat
906 1568 1055 1630 aethere:
1079 1570 1136 1631 scd
1158 1589 1242 1632 urrnc

238 1671 351 1745 Nunc,
375 1689 454 1750 age,
480 1667 582 1732 maior
604 1669 677 1730 ades
697 1666 857 1750 fratrique
879 1668 1036 1732 simillime
1058 1670 1159 1735 Leto.

239 1773 289 1836 'l'e
312 1790 461 1856 quoque,
485 1766 648 1834 Phrixeae
669 1767 800 1852 pecudis
821 1767 971 1833 fidissime
994 1781 1123 1848 custos,
1322 1775 1360 1835 75

238 1877 380 1958 'l'empus
403 1875 443 1936 ab
466 1875 525 1936 bac
546 1873 659 1938 oeulos
682 1875 805 1936 tandem
829 1871 1000 1935 dcllectcre
1023 1893 1112 1936 cura.

134 2007 139 2020 ·
238 1978 340 2058 Quem
365 1974 477 2038 metuis
500 1995 549 2038 ure
571 1973 623 2039 hie
643 1986 747 2038 stante
770 1973 901 2038 dolum?
922 1975 1061 2038 servabo
1083 1995 1259 2058 perrumpet

236 2079 311 2160 Ipsa
335 2098 464 2141 nemus:
487 2077 617 2158 longum
641 2075 761 2141 interea
784 2088 816 2139 tu
839 2097 924 2159 pone
946 2076 1125 2162 laborem.”

236 2180 296 2244 Ille
318 2181 403 2243 haud
423 2178 541 2244 Aeolio
565 2178 726 2242 discedere
748 2179 851 2242 lessus
874 2180 914 2241 ab
937 2199 1017 2242 auro

138 2337 142 2346 .
237 2285 307 2346 Nec
329 2285 403 2345 dare
425 2281 596 2364 permissae
617 2282 778 2366 (quamvis
802 2281 901 2362 iuvet)
925 2301 981 2345 ora
1004 2281 1102 2364 quieti
1213 2333 1221 2343 .
1318 2285 1360 2346 80

236 2385 392 2460 Sustinet;
417 2396 448 2446 at
470 2381 563 2465 primi
585 2402 756 2465 percussus
782 2385 865 2446 nrrbe
887 2383 1017 2466 soporis

236 2487 374 2550 Horruit
396 2497 427 2550 et
449 2485 557 2550 dulces
580 2486 720 2548 excussit
741 2487 781 2548 ab
803 2488 921 2550 arbore
943 2507 1088 2550 sorrmos·

237 2590 360 2655 Contra
383 2587 547 2650 Tartareis
571 2587 703 2652 Colchis
725 2608 873 2668 spumare
883 2587 1028 2652 -vencuis

236 2691 423 2774 Cunctaque
446 2688 582 2752 Lethaei
605 2710 757 2772 quassare
779 2689 903 2752 silentia
929 2691 1007 2755 rami
1163 2772 1167 2778 ἡ

236 2797 363 2858 Perstat
385 2803 417 2855 et
439 2795 575 2856 adverso
598 2789 747 2854 luctantia
772 2791 889 2855 lurnina
912 2804 1005 2855 ‹aantu
1316 2799 1357 2859 85

236 2883 354 2961 Obruit
377 2906 473 2978 atque
494 2915 619 2957 ornnem
641 2893 813 2977 linguaque
838 2915 991 2978 rnanuque
1013 2895 1126 2978 fatigat

234 2997 310 3061 Vim
336 2996 501 3080 Stygiam,
525 2999 672 3058 ardentes
696 2998 797 3059 donec
818 3017 921 3078 sopor
943 3011 1081 3079 occupat
1103 3000 1178 3063 iras.

235 3101 368 3184 lamque
390 3098 472 3160 altae
494 3097 641 3162 cecidere
663 3098 756 3161 iubae
777 3108 931 3184 nutatque
953 3111 1099 3162 coactum

234 3205 302 3267 lam
324 3211 420 3284 caput
441 3210 537 3284 atque
559 3199 670 3284 ingens
694 3212 783 3263 extra
806 3223 862 3264 sua
887 3201 1007 3265 vellera
1030 3203 1161 3280 cervix,

235 3304 306 3369 Ceu
328 3304 464 3366 rciluens
487 3305 595 3368 Padus
617 3315 671 3367 aut
692 3316 812 3384 septem
835 3304 1002 3385 proiectus
1024 3304 1055 3367 in
1079 3327 1185 3370 aranea
1319 3311 1360 3372 90

131 3435 133 3448 ’
234 3407 328 3472 Nilus
350 3415 382 3468 et
404 3404 596 3488 Hesperium
619 3405 749 3469 veniens
772 3405 920 3487 Alpheos
942 3405 972 3469 in
996 3409 1123 3472 orbem.

235 3510 309 3591 Ipsa
332 3522 426 3591 caput
448 3508 514 3571 cari
536 3518 706 3594 postquam
730 3510 848 3571 Medea
872 3508 1019 3571 draconis

235 3609 326 3674 Vidit
348 3609 451 3686 humi,
476 3609 554 3673 brais
577 3609 694 3673 circum
718 3609 861 3691 proiecta
885 3610 1012 3674 lacertis
1021 3653 1033 3698 ,ι

235 3713 342 3798 chrre
365 3733 518 3796 aurumque
541 3710 633 3776 simul
654 3711 744 3776 flevit
766 3711 904 3776 erudelis
927 3712 1107 3777 alumnum:

305 3911 347 3958 ⁶2.
373 3913 434 3960 ttae.
462 3910 568 3957 advocet
600 3913 679 3968 ultro,
710 3905 885 3974 α’συνδέτως.
953 3910 995 3961 dl.
1021 3912 1099 3959 sublit
1125 3917 1176 3958 tum
1201 3913 1264 3960 Cdsl.
1295 3918 1355 3974 utiq.

236 3979 278 4026 ht.
310 3983 361 4035 „Ut
387 3985 462 4038 ipsam
488 3983 605 4040 virginem
634 3981 737 4028 horrore
762 3982 881 4037 pertusam
908 3979 1020 4042 (pl-optor
1044 3996 1085 4037 se,
1117 3983 1240 4035 tasonem)
1269 3987 1358 4032 videt.”

234 4051 365 4096 Weberos.
404 4050 445 4097 ⁶8.
459 4052 589 4110 lumenque
602 4051 685 4097 licius.
721 4053 786 4107 „Sed
800 4051 906 4111 intellige
920 4053 1004 4107 rapitis
1016 4053 1159 4096 rotationem
1167 4082 1174 4106 ‚
1190 4065 1251 4110 qnae
1264 4055 1356 4099 diffusis

235 4119 342 4164 crinibus
367 4133 380 4162 a
404 4120 498 4176 uatibus
523 4119 575 4166 lieri
599 4121 719 4166 sol‘ehat.’'
746 4121 788 4166 W.
836 4117 878 4166 li.
907 4135 945 4164 ras
963 4122 1073 4166 instante
1091 4121 1200 4166 Fontius.
1240 4119 1283 4167 82.
1305 4124 1354 4178 lpse

235 4188 277 4231 illo
304 4193 414 4231 horror-ts
439 4194 503 4232 moto
527 4189 650 4244 'excussit‚
681 4190 780 4244 reiecit,
808 4195 921 4248 quantam
947 4195 1040 4247 poterat
1064 4204 1174 4234 sourumu
1198 4189 1229 4233 ah
1247 4193 1353 4244 arbore,

235 4268 323 4312 quam,
342 4256 413 4310 spiris
444 4253 640 4310 arnplectebatur.
671 4277 707 4294 -ι
737 4270 767 4302 oc
800 4269 921 4316 corpore,
959 4261 996 4304 rel
1030 4264 1132 4317 pastore
1169 4260 1254 4307 fletus.
1288 4275 1353 4316 susp.
