2946 4816
211 202 275 265 210
346 237 350 248 .

213 359 298 425 Dum
321 375 360 420 ne
383 355 522 418 deterius
543 350 646 433 sapiat
667 369 832 434 pannucea
854 351 989 428 Baucis,

214 461 319 544 Quorn
342 460 422 521 bene
445 455 599 520 discincto
622 451 798 517 cantaverit
821 473 931 534 ocyma
959 473 1089 517 vernae.

213 563 259 629 Ut
279 581 373 625 nemo
395 559 425 622 in
448 578 517 621 sese
539 566 640 618 tentat
662 556 874 632 descendere,
899 559 1012 620 neruo!

213 666 278 728 Sed
299 659 500 746 praecedenti
521 668 683 742 spectatur
705 656 840 720 mantica
863 667 970 740 tergo.

213 764 414 847 Quaesieris:
439 761 579 834 „Nostin
602 756 732 823 Vectidi
754 757 935 841 praedia?''
957 790 998 802 -
1022 755 1195 831 „Cuius?”
1220 792 1261 800 -
1296 760 1342 822 25

212 866 313 934 Dives
335 876 401 928 arat
424 862 585 937 Curibus,
609 871 759 944 quantum
782 881 846 926 non
870 860 984 924 milvus
1007 862 1145 927 oberret.
1168 894 1208 904 -

213 970 331 1044 „Hunc
352 965 421 1030 ais?
444 967 528 1028 hune
550 963 598 1027 dis
620 962 707 1028 iratis
730 963 890 1047 genioque
913 963 1060 1039 sinistro,

215 1069 280 1151 Qui
301 1071 492 1155 quandoque
513 1066 621 1151 iugum
643 1076 770 1148 pertusa
794 1067 833 1126 ad
855 1064 992 1149 compita
1015 1065 1100 1149 figit,

211 1171 356 1234 Seriolae
381 1181 519 1232 veterem
543 1177 685 1230 metucns
709 1170 862 1231 deradere
884 1167 991 1232 limum

212 1271 365 1356 Ingemit,
391 1271 489 1344 „Hoc
510 1271 591 1332 bene
613 1269 696 1332 sit!”
719 1267 892 1333 tunicatum
911 1291 985 1360 crim
1008 1270 1073 1333 sale
1096 1273 1245 1334 mordens
1292 1271 1363 1335 30'

211 1375 320 1458 Caepe
343 1384 390 1449 et,
416 1373 536 1436 farrata
558 1369 667 1453 pueris
688 1369 912 1452 plaudentibus
936 1372 1022 1447 olla,
1278 1411 1280 1414 -

210 1479 390 1543 Pannosam
412 1474 531 1538 faecem
555 1471 719 1536 morientis
740 1473 852 1536 sorbet
876 1473 990 1538 aceti.''
1013 1505 1054 1516 —

212 1582 257 1643 At
280 1578 307 1641 si
329 1588 443 1646 unctus
465 1595 571 1638 cesses
594 1585 626 1637 et
647 1572 726 1658 ligas
748 1572 780 1636 in
804 1587 874 1637 cute
895 1576 1014 1652 solem,

212 1683 272 1744 Est
293 1701 398 1763 prope
422 1689 452 1740 te
474 1677 624 1762 ignotus,
650 1675 759 1740 cubito
782 1676 837 1761 qui
860 1687 969 1762 tangat
991 1689 1022 1740 ct
1045 1699 1117 1740 acre

210 1784 355 1865 Despuat
376 1781 407 1842 in
431 1799 551 1854 mores,
576 1799 752 1863 penemque
775 1783 953 1861 arcanaque
975 1779 1074 1843 lumbi
1288 1784 1337 1847 35

211 1885 407 1948 Runcantem
430 1881 553 1963 populo
577 1891 751 1943 marcentes
773 1884 913 1963 pandere
934 1881 1059 1944 vulvas.

209 1987 304 2061 „Tu,
328 2005 424 2069 quom
448 1981 586 2045 maxillis
608 1982 787 2044 balanatum
811 2003 950 2067 gausape
973 1995 1099 2064 pectas,

208 2086 395 2171 Inguinibus
419 2107 517 2170 quare
540 2087 690 2148 detonsus
714 2085 867 2170 gurgulio
891 2084 1021 2147 exstat?

209 2189 360 2273 Quinque
381 2187 585 2270 palaestritae
606 2184 681 2249 licet
702 2187 782 2249 baec
803 2185 959 2269 plantaria
984 2188 1099 2251 vellant

209 2291 382 2374 Elixasque
406 2302 492 2354 uates
516 2287 712 2352 labefactent
732 2286 857 2369 forcipe
881 2290 1018 2364 adunca,

207 2395 284 2458 Non
305 2404 409 2455 tamen
431 2391 491 2456 ista
512 2391 580 2454 filix
602 2391 669 2454 ullo
693 2389 882 2452 mansuescit
904 2391 1047 2454 aratro.''

207 2492 376 2559 Caedimus
398 2493 492 2578 inque
516 2493 616 2556 vicem
639 2493 827 2574 praebemus
850 2513 944 2554 crura
966 2493 1112 2576 sagittis:

204 2596 336 2661 Vivitur
357 2597 421 2660 hoe
443 2607 559 2678 pacto:
584 2595 629 2657 sic
651 2594 810 2658 novimus.
836 2628 877 2644 —
899 2594 956 2657 Ilia
980 2597 1090 2657 subter

278 2815 320 2862 2l.
340 2839 373 2849 —
392 2814 458 2860 Dum
474 2829 522 2860 nou
540 2828 661 2870 super-scr.
681 2827 711 2858 ne
726 2814 756 2858 ll.
785 2813 821 2860 lb.
840 2833 874 2846 -
889 2811 1039 2870 pannuelrea
1063 2814 1120 2858 EM.
1147 2839 1180 2848 -
1195 2819 1332 2872 pannucia

207 2887 288 2932 Ceteri
305 2886 362 2932 mei.
391 2883 433 2928 22.
460 2906 489 2917 -
508 2884 626 2929 distincto
638 2883 696 2928 AM.
717 2884 754 2928 lb.
774 2883 902 2928 -ocima
922 2883 995 2929 VEA.
1020 2907 1054 2917 —
1071 2883 1153 2928 ocima
1175 2885 1273 2931 TltSM.
1292 2907 1332 2920 ·-

206 2969 297 3014 osyrua
314 2955 344 2999 F.
365 2954 402 3002 lb.
417 2977 449 2988 -
468 2967 541 2999 veruo
559 2955 590 2998 V.
619 2950 662 2997 23.
684 2963 716 2996 =
736 2957 838 3008 temptat
855 2951 974 2998 RESAM.
1001 2950 1042 2998 25.
1064 2951 1171 3011 Ventidi]
1191 2954 1273 2998 TAM.
1292 2975 1332 2990 -

208 3023 283 3069 vstidv'
303 3023 351 3068 lis.
372 3047 404 3056 -
423 3021 526 3066 vectidis
547 3024 578 3066 V.
598 3043 637 3058 -
663 3020 752 3066 validis
774 3022 804 3066 E.
825 3045 858 3054 -
879 3017 978 3066 Ventidi
998 3022 1116 3067 Plautius.
1155 3021 1185 3066 26
1215 3019 1331 3082 oberret]

205 3093 286 3136 llVM.
306 3112 339 3125 -
357 3092 458 3136 oberrat
474 3091 565 3136 TESA.
603 3090 646 3137 29.
666 3115 699 3125 -
719 3090 817 3136 Veteris
832 3096 944 3135 ruetuene
956 3091 1035 3136 REM.
1054 3112 1087 3126 -
1105 3097 1217 3136 meluens
1235 3093 1332 3137 ceteris

153 3185 157 3192 ›
207 3159 625 3220 TA.-retcr(spntin1u)metueres
636 3163 661 3204 S.
682 3158 912 3208 lb.-eraderel=l.
934 3157 975 3205 31.
991 3156 1276 3216 -cspeuusnmtu
1292 3186 1329 3196 ·-

200 3227 335 3290 sarratam
353 3256 362 3266 ·
382 3256 391 3266 ·
410 3231 485 3273 ollam
511 3230 601 3274 Omnes
627 3231 683 3273 ruet.
740 3225 781 3274 33.
808 3247 839 3261 ··
867 3227 903 3273 Ae
921 3230 945 3274 ei
968 3231 998 3274 Τ.
1055 3227 1096 3274 35.
1117 3251 1151 3264 -
1169 3230 1327 3288 despuitur.

209 3297 250 3349 36.
271 3323 304 3334 ·-
318 3300 407 3357 populi
425 3299 453 3343 E.
476 3296 517 3343 37.
540 3321 569 3332 ·-
591 3297 662 3342 Tunc
681 3311 753 3357 quom
771 3309 843 3342 max.
863 3298 957 3344 ttvstl.
978 3299 1014 3342 lb.
1032 3295 1064 3332 ὲ-
1078 3299 1161 3355 pectis
1177 3301 1202 3344 S.
1235 3296 1277 3343 38.
1294 3323 1330 3332 —-

207 3383 312 3428 quorum
330 3368 360 3412 u.
375 3381 496 3423 superser.
517 3382 605 3427 quare.
625 3368 661 3415 lb.
675 3391 707 3402 -
727 3367 845 3426 curgalio
854 3368 886 3411 T.
905 3386 940 3402 -·
952 3368 1066 3412 sterculio
1077 3368 1107 3412 A.
1124 3389 1153 3401 -
1164 3368 1277 3428 garritio
1294 3368 1327 3412 ll.

208 3436 250 3487 lo.
271 3463 303 3472 ·-
322 3434 477 3496 labefactant
493 3438 523 3482 A.

204 3549 353 3562 0—

275 3615 317 3661 21.
335 3617 463 3675 pannucia
479 3617 579 3671 pvaW.
628 3613 671 3660 22.
692 3615 851 3672 oeimaer.
890 3615 932 3663 29.
953 3618 1043 3662 veteris
1061 3617 1091 3662 P.
1142 3613 1184 3662 37.
1205 3630 1281 3676 quum
1299 3616 1329 3662 irc

205 3687 323 3731 tantillis
341 3700 365 3741 p.
1301 3709 1304 3715 ·

274 3846 316 3892 26.
337 3847 460 3910 Quantum
479 3859 529 3890 non
546 3845 637 3890 milvus
654 3844 762 3906 oberret]
782 3849 914 3892 Secundum
930 3847 1098 3902 proverbium,
1119 3845 1245 3908 (lunulam
1262 3847 1327 3891 mil.

204 3917 228 3960 vi
247 3918 339 3960 volant.
377 3914 417 3959 28.
440 3911 550 3972 Compita
574 3920 627 3958 surrt
647 3916 698 3959 loca
718 3917 742 3959 iu
761 3915 910 3976 quadriviis,
929 3917 997 3972 quasi
1019 3921 1113 3969 turres,
1133 3915 1173 3958 ubi
1194 3913 1324 3972 sacrificia,

202 3983 268 4028 finita
287 3987 448 4042 agricultura,
468 3985 552 4029 rustici
572 3985 733 4028 celebrabant.
772 3987 861 4032 Merito
878 3991 998 4041 pertusa,
1019 3985 1075 4042 quia
1097 3998 1140 4039 per
1159 3998 1243 4028 omues
1260 3992 1331 4042 qnat-

203 4060 258 4099 tnor
277 4060 356 4106 partes
378 4059 487 4109 pateant,
507 4055 545 4098 vel
563 4058 667 4098 vetusta.
705 4055 768 4109 Vel,
789 4055 892 4110 compita
910 4068 958 4098 non
975 4055 1053 4098 solum
1072 4055 1168 4098 suntin
1191 4052 1328 4116 orbetana,

202 4124 244 4168 sed
263 4124 334 4165 etiarn
354 4124 406 4167 vine
425 4124 533 4176 publteae
552 4137 579 4166 ac
597 4123 738 4167 diverticula
754 4125 892 4182 aliquorum
913 4122 1056 4176 confinium,
1077 4123 1116 4166 ubi
1134 4123 1255 4168 aediculae
1269 4139 1328 4170 eou-

202 4196 326 4236 secrantur
350 4197 466 4246 patentes.
515 4193 542 4234 ln
572 4193 607 4236 his
630 4193 685 4250 iuga
706 4192 781 4238 fracta
811 4194 841 4236 ab
867 4194 980 4252 agricolis
1012 4198 1150 4247 ponuntur,
1184 4194 1280 4237 emeriti
1305 4200 1329 4239 et

205 4260 321 4304 elaborati
340 4256 419 4315 op‘eris
438 4261 560 4304 iudicium.
