2946 4816
164 135 168 164 Ι
218 201 281 267 268

219 360 354 424 Servtun
377 355 405 422 si
426 362 539 440 poles,
564 356 648 434 oie,
672 375 735 418 nou
758 354 876 418 babere
889 395 899 430 ,

218 465 263 528 Et
285 481 392 545 regem
415 470 528 542 potes,
554 458 635 535 Ole‚
658 476 723 521 noa
745 457 878 520 babere.

493 617 608 682 XXX.
645 613 825 679 Eiusdem.
860 613 917 692 (L.
941 613 973 676 3.
999 615 1046 690 l.)

219 732 355 796 Romam
381 728 479 800 rade,
504 725 604 800 liber:
627 722 671 800 si,
694 723 822 788 veneris
844 725 946 800 unde,
971 723 1134 806 requiret:

282 815 443 894 Aemiliae
460 827 544 891 dices
568 829 606 889 de
629 825 764 910 regione
789 825 871 888 viae.

219 931 274 1008 Si,
298 931 412 1014 quibus
435 926 577 1005 intersis,
602 948 664 1010 qua
687 926 784 990 simus
806 925 837 989 in
862 927 963 1003 urbe,
988 925 1137 1010 rogabit:

280 1032 414 1097 Corneli
435 1030 559 1094 rcl'eras
582 1050 629 1094 uae
653 1028 727 1092 licet
749 1049 818 1091 esse
840 1026 930 1091 loro.

219 1134 289 1201 Cur
311 1131 430 1209 absim,
455 1142 604 1216 qraaeret:
627 1128 769 1194 breviter
791 1141 844 1203 ιιι,
877 1130 992 1205 nudta,
1016 1129 1139 1206 fatere,
1210 1158 1212 1163 ·
1328 1129 1344 1182 .‘

283 1239 358 1299 Nou
380 1245 508 1316 poterat
530 1254 630 1297 vanae
653 1231 754 1295 taedia
777 1231 863 1295 lerre
886 1221 997 1315 togae.

220 1339 357 1421 Quando
382 1334 488 1398 venit?
511 1333 613 1397 dicet:
638 1344 673 1396 ιιι
693 1335 913 1414 respondeto,
935 1335 1035 1414 poe‘ta

282 1439 434 1514 Exierat:
457 1436 582 1514 veniet,
606 1455 703 1520 quom
726 1436 928 1498 citharoedus
950 1437 1022 1498 erit.

476 1577 609 1643 XXXI.
643 1575 822 1640 Eiusdem.
853 1576 910 1654 (L.
934 1575 966 1638 3.
992 1575 1060 1654 tls.)

218 1687 337 1770 Exigis
359 1708 377 1750 a
400 1687 490 1751 nobis
513 1687 734 1776 operatusinc
757 1686 817 1748 line
840 1695 1001 1770 togatam:

284 1794 358 1854 Nou
382 1810 440 1863 eo,
465 1787 613 1852 libertum
635 1790 690 1852 sod
713 1787 770 1851 tibi
795 1787 887 1852 mitto
910 1810 1027 1851 metam.

219 1893 293 1956 Nou
317 1901 383 1966 est,
408 1890 527 1975 inquis,
551 1890 647 1954 idem.
692 1891 800 1954 Multo
824 1891 895 1971 plus
917 1911 986 1952 esse
1008 1891 1182 1972 probabo:
1254 1887 1260 1892 ’

282 1995 352 2059 Vix
375 2013 439 2078 ego
462 1991 603 2056 lecticam
625 1993 824 2077 subsequor;
848 1992 901 2055 ille
923 1994 1024 2056 ieret:

219 2099 256 2160 lu
281 2098 404 2158 turbam
427 2095 591 2169 incideris3
616 2107 748 2158 cimolos
773 2095 909 2157 :ambone
931 2094 1083 2175 repellet:

282 2198 461 2260 invalidum
484 2209 531 2260 est
553 2195 645 2260 bobis
669 2197 902 2280 ingenuumque
925 2196 1016 2272 latus,

220 2300 383 2379 Quidlibet
405 2299 435 2363 iu
461 2299 562 2362 causis
585 2298 784 2376 narraveris,
815 2296 883 2381 ipse
907 2301 1041 2362 tacebo:

284 2401 327 2464 Aa
351 2401 406 2464 tibi
429 2400 639 2485 tergeminum
663 2400 781 2484 mugiet
803 2401 856 2464 ille
878 2403 1014 2482 sophos.

221 2503 280 2566 Lis
303 2501 379 2576 crit:
404 2501 524 2586 ingenti
546 2501 641 2565 saciet
664 2501 811 2566 convicia
835 2523 934 2567 voce:

284 2605 364 2668 Esse
386 2608 492 2686 pudor
515 2604 614 2668 vetant
636 2602 732 2668 lortia
757 2607 856 2667 verba
880 2605 968 2667 mibi.

220 2709 314 2790 Ergo
337 2707 413 2769 nibil
436 2706 546 2783 uobis,
570 2704 693 2790 inquis,
718 2706 895 2788 praestabis
917 2707 1057 2770 airicus?

283 2807 446 2892 Quidquid
467 2807 619 2884 libertus,
646 2807 807 2884 Candide,
832 2829 897 2871 uon
918 2808 1050 2891 poterit.

480 2959 633 3022 XXXII·
665 2955 844 3022 Eiusdem.
879 2959 936 3037 (L.
961 2959 993 3022 3.
1017 2959 1086 3037 bl.)

262 3067 408 3144 Sirenas,
431 3068 564 3130 hilarent
588 3066 803 3152 navigantium
825 3089 962 3152 poenam

220 3171 424 3252 Blandasque
445 3180 567 3233 mortes
590 3171 801 3254 gaudiumque
824 3171 978 3250 crudele,

221 3268 309 3348 Quas
332 3293 423 3334 uerno
447 3273 606 3355 qnondam
632 3273 799 3334 deserebat
821 3273 960 3352 auditas,

220 3373 335 3437 Fallau
357 3375 468 3436 Ulixes
490 3373 605 3436 dicitur
627 3372 808 3457 reliquisse.

220 3477 296 3539 Non
321 3474 438 3538 miror:
463 3474 557 3552 illud,
583 3475 752 3550 Cassiane,
779 3476 930 3554 mirarer,

221 3578 255 3640 Si
277 3576 471 3640 fabulantem
496 3577 628 3642 Canium
652 3579 844 3662 reliquisset.

472 3694 846 3788 annuntiantem.
877 3719 935 3798 (n.
960 3721 991 3782 t.
1017 3721 1084 3799 ιο.)

220 3829 305 3891 Dum
328 3849 432 3891 novus
456 3839 502 3890 cst
526 3849 628 3911 neque
651 3830 753 3891 adhuc
775 3851 845 3892 rasa
870 3830 942 3891 mibi
966 3831 1073 3894 fronte
1097 3832 1240 3910 libellus,

284 3931 407 4013 Pagina
431 3934 502 3992 dnm
527 3927 614 4014 tangi
637 3953 700 3994 non
723 3935 803 3994 bene
826 3933 909 3995 sicca
932 3933 1038 4010 timet,

221 4031 256 4108 l,
280 4048 376 4112 pater,
402 4043 433 4095 et
456 4053 531 4096 caro
554 4032 663 4114 perier
686 4033 756 4098 leve
780 4056 891 4096 mumts
914 4034 1035 4112 amico,

286 4134 349 4212 Qui
373 4134 485 4196 ineruit
507 4157 607 4218 nugas
631 4135 749 4217 primus
773 4138 890 4198 babere
915 4158 1011 4198 tineas.

222 4232 346 4307 Curre,
371 4237 428 4296 sed
450 4234 640 4311 instructus:
664 4237 831 4304 comitetur
854 4239 977 4303 Punica
1000 4239 1116 4304 librum
1323 4251 1346 4310 5
