2952 4826
1262 245 1282 306 3

168 391 365 478 reliquarum
401 413 439 458 ae
473 392 660 476 praesertim
688 392 948 478 Glasguensisp)
975 394 1078 480 copiis
1107 400 1282 464 observare

167 495 313 573 licuerit,
349 495 460 578 paucis
494 517 667 578 exponam.
737 496 939 562 Brixiensem
968 521 985 562 e
1016 500 1158 565 melioris
1186 513 1282 566 notae

169 599 283 663 codice
301 601 426 662 ductam
446 619 514 662 esse
535 609 734 683 compertum
757 601 879 677 habeo,
901 621 1000 686 eaque
1017 625 1113 688 quum
1130 603 1283 668 caruisset

168 703 406 778 Wakefieldus,
434 701 637 778 factumest,
666 712 700 764 ut
721 701 822 766 minus
845 713 965 767 certum
989 707 1027 767 de
1051 716 1192 769 veterum
1214 705 1282 771 edi-

167 803 289 868 tionum
320 803 512 868 lectionibus
543 825 637 887 saepe
666 803 816 868 iudicium
848 805 962 870 ferret.
1007 809 1061 870 Ex
1090 806 1154 872 alio
1177 820 1280 872 autem

167 906 254 970 libro
272 906 441 972 vitiosiore
452 905 545 970 fluxit
555 907 770 982 Veronensis,
786 907 925 971 fideliter
939 909 1074 991 repetita
1090 909 1122 974 in
1137 913 1279 986 Veneta,

167 1008 334 1073 erroribus
360 1009 487 1074 nonnisi
510 1031 680 1093 operarum
702 1021 733 1073 et
758 1009 956 1092 paucissimis
977 1011 1281 1094 interpolationibus

169 1111 369 1188 correctori,
412 1123 446 1174 ut
472 1111 607 1194 opinor,
651 1111 809 1188 subeatis,
852 1116 908 1176 sed
936 1113 1123 1198 plerumque
1152 1114 1279 1196 pravis,

167 1213 366 1296 discrepante
383 1215 422 1276 ab
437 1213 504 1278 illa.
548 1215 780 1294 Veneremur)
802 1213 931 1290 deinde,
954 1235 1019 1279 nun
1037 1218 1278 1291 Veronensem,

166 1328 201 1379 ut
221 1326 308 1380 ratus
329 1328 377 1381 est
396 1317 630 1393 Wakefieldus,
653 1317 833 1380 emendavit
856 1317 1074 1398 Hieronymus
1096 1318 1278 1392 Avancius,

167 1418 223 1504 qui
253 1419 331 1482 scite
362 1419 538 1494 interdum,
574 1417 772 1503 frequentius
800 1430 921 1494 tamen,
960 1431 994 1482 ut
1019 1420 1175 1484 Italorum
1203 1432 1284 1483 tunc-

165 1521 319 1603 temporis
334 1544 404 1586 mos
419 1532 505 1597 erat,
529 1519 729 1583 audacissimi
748 1519 1005 1603 interpolatoris,
1029 1544 1122 1607 quam
1141 1521 1278 1586 circum-

165 1624 267 1705 specti
295 1623 400 1686 critici
425 1635 533 1705 partes
560 1644 658 1708 agere
684 1621 804 1685 maluit.
849 1619 1028 1687 Prolitetur
1049 1623 1103 1688 ille
1131 1624 1276 1709 quidem,

167 1725 274 1788 nescio
294 1748 356 1811 qua
380 1724 519 1809 gloriola
539 1728 669 1802 ductus,
697 1747 730 1788 se
753 1723 899 1788 Lucretii
920 1729 1038 1807 poe'ma
1055 1724 1123 1790 sine
1145 1727 1277 1814 antiquo

164 1827 341 1909 exemplari
369 1831 565 1902 emendasse,
601 1831 657 1890 sed
684 1830 816 1891 eundem
847 1838 1061 1893 veteratorem
1091 1829 1152 1892 hac
1177 1828 1210 1891 in
1241 1851 1277 1892 re

165 1929 375 2013 deprehendi,
398 1930 517 2015 quippe
538 1929 594 2014 qui
615 1951 726 1993 versus
757 1928 882 2015 aliquot
914 1929 1040 1993 minime
1070 1929 1276 2005 subditicios,

163 2031 308 2118 quamvis
323 2053 339 2095 a
353 2031 635 2114 praecedentibus,
658 2030 685 2094 si
699 2033 778 2095 fides
794 2033 960 2108 Gerardo,
981 2031 1127 2095 omnibus
1140 2031 1277 2096 omissos

162 2136 339 2216 (2,1139.
383 2135 420 2210 3,
443 2135 518 2198 866.
560 2136 731 2215 5,1011.)
764 2133 828 2198 suis
849 2135 931 2198 locis
953 2133 1137 2199 inseruerit.
1181 2137 1276 2198 Hane

163 2249 264 2302 autem
284 2237 431 2302 Aldinam
453 2235 598 2318 priorem
622 2235 803 2300 examinare
828 2259 923 2321 quum
946 2237 1138 2321 neglexisset
1156 2238 1276 2299 Wake-

162 2341 290 2415 fieldus,
327 2338 459 2403 eumin
482 2361 627 2402 errorem
654 2337 784 2415 incidit,
821 2350 855 2403 ut
880 2361 961 2424 quae
984 2338 1126 2403 Avancii
1154 2351 1274 2414 essent,

125 2523 128 2529 Ι
162 2454 275 2506 cuncta
300 2442 364 2507 Pio
393 2463 562 2524 perperam
586 2441 756 2505 tribueret.
811 2440 890 2506 Pius
924 2441 1006 2505 enim
1036 2441 1199 2505 rarissime
1234 2445 1273 2504 ab

162 2545 312 2609 Avancio
328 2545 474 2608 discessit
490 2545 548 2624 (1,
566 2545 640 2607 123.
664 2545 701 2620 2,
718 2545 808 2625 591.)
822 2547 909 2608 bona
924 2556 1017 2630 atque
1030 2543 1139 2626 inepta
1153 2544 1275 2627 pariter

163 2647 359 2732 subripiens;
388 2646 496 2729 prisea
518 2653 598 2710 vero
621 2646 832 2728 exemplaria,
857 2668 937 2732 quae
961 2645 1132 2711 identidem
1153 2647 1275 2720 laudat,

161 2749 277 2832 passim
308 2747 567 2833 interpolationis
603 2759 748 2832 suspecta
784 2761 879 2825 sunt,
917 2749 1052 2812 Marulli
1087 2749 1274 2833 praesertim

162 2857 279 2918 codex.

223 2958 263 3020 In
285 2954 448 3021 Catulli
470 2952 690 3036 Epithalamio
714 2952 804 3018 Pelei
832 2975 869 3016 ae
899 2953 1136 3036 Thetideum)
1163 2977 1273 3019 recen-

159 3061 258 3123 sendo
270 3081 343 3122 usus
355 3080 423 3121 sum
434 3057 553 3124 Aldina
564 3066 708 3141 utraque,
725 3055 874 3122 Parisina
886 3079 916 3119 e.
930 3077 963 3120 n.
977 3059 1060 3120 Var.
1075 3057 1148 3120 anni
1161 3059 1253 3122 leot.
1266 3103 1273 3132 ‚

226 3267 259 3326 (⁴¹)
279 3269 398 3328 Glasguae
419 3265 494 3313 1813.
524 3264 550 3312 1.
578 3269 636 3312 Vel.
650 3265 675 3312 8.
718 3268 805 3327 Magna
830 3268 873 3312 dos
891 3267 960 3311 huius
978 3268 1090 3312 editionis
1115 3273 1152 3314 est
1178 3271 1274 3314 collatio

158 3342 204 3386 Ed.
224 3340 358 3384 Brixiensis
377 3351 397 3382 s.
418 3353 441 3383 a.
463 3335 568 3394 (1112.)
593 3338 742 3382 Veronensis
762 3335 838 3382 1186.
864 3339 969 3382 Venetae
990 3335 1065 3383 1495.
1097 3340 1194 3384 nvancii
1213 3345 1273 3396 apud

158 3412 245 3454 Aldnm
266 3405 340 3456 1500.
362 3421 415 3451 cum
432 3409 559 3464 Bipontina
579 3403 671 3462 1782„
697 3421 756 3464 quae
776 3407 901 3460 Creechii,
926 3409 949 3452 id
969 3412 1018 3461 est,
1039 3407 1148 3453 Lambini
1168 3410 1274 3453 ultimam
1330 3433 1332 3444 ι

158 3480 325 3526 recensionem
343 3479 463 3535 sequitur,
483 3492 498 3522 a
515 3477 603 3522 loenne
623 3477 732 3522 Gerardo
751 3477 930 3522 accuratissime
946 3478 1067 3524 conlecta.

211 3545 262 3607 (**)
281 3548 332 3592 Cir.
354 3548 380 3602 l,
402 3545 462 3593 112.
482 3545 572 3608 efferre
589 3548 649 3592 Vcr.
667 3543 783 3605 perferre
802 3549 863 3592 Ven.
883 3547 928 3594 Ar.
944 3543 973 3601 3,
996 3543 1071 3592 1048.
1091 3545 1194 3610 infimus
1213 3549 1272 3594 Ver.

159 3618 288 3674 improbus
305 3619 366 3664 Ver.
385 3617 430 3661 Au.

213 3683 276 3744 (W)
293 3687 413 3732 Festivam
431 3687 571 3746 allegoriam
590 3687 691 3732 convivii
710 3686 776 3730 illius
790 3685 902 3740 nuptialis
915 3684 988 3730 habes
1004 3685 1027 3728 in
1042 3685 1198 3732 Clementi
1208 3691 1236 3733 ui
1246 3702 1271 3741 s,

157 3754 374 3811 Homitia6,1t.
407 3779 436 3789 -
468 3753 502 3806 τὸ
522 3751 792 3821 receperamus&
811 3748 972 3820 γαμήλιον.
1004 3747 1080 3804 ἔνθα
1102 3752 1137 3804 τὸ
1156 3754 1273 3807 δεῖπνον

157 3824 249 3876 ἐτέλει
266 3819 338 3888 Zetis
364 3817 438 3895 ὑπέρ
465 3840 497 3875 τε
515 3820 567 3888 τῆς
584 3823 726 3894 Νηρεΐδος
744 3821 865 3884 Θέτιδος
882 3821 933 3872 καὶ
951 3821 1006 3873 τοῦ
1025 3821 1117 3874 καλοῦ
1135 3824 1271 3892 Πηλέως,

156 3889 337 3967 ἀλληγορίαν
355 3888 419 3957 ἔχει
437 3892 564 3972 ταύτης·
595 3919 628 3929 ·-
658 3891 693 3943 τὸ
711 3891 820 3958 μὲνδὴ
841 3889 1028 3956 συμπόσιον,
1052 3888 1217 3958 ὁκόσμος·
1244 3899 1275 3947 οἱ

156 3963 188 4014 δὲ
207 3963 335 4028 δώδεκα,
363 3959 489 4034 οὐράνια
506 3978 565 4013 των
582 3961 695 4032 μοιρῶν
713 3963 984 4033 περιστηρὶγματα,
1007 3955 1094 4012 ἅτινα
1112 3961 1200 4026 tridua
1218 3983 1273 4018 κα-

155 4033 276 4086 λοῦσιν·
290 4030 482 4106 Προμηθεύς,
496 4027 515 4099 ἦ
528 4029 710 4100 προμήθεια,
723 4029 775 4094 ὑφ’
787 4023 824 4098 ἧς
835 4028 872 4082 τὰ
885 4025 981 4080 πάντα
990 4028 1107 4097 ἐγένετο
1120 4045 1126 4058 ·
1145 4033 1271 4100 Πηλεύς,

156 4098 281 4170 ὁπηλός
293 4100 310 4156 ὁ
323 4099 382 4154 ἀπὸ
403 4101 457 4169 γῆς
483 4105 524 4164 εἰς
542 4097 700 4170 ἀνθρώπου
718 4101 834 4168 γένεσιν
852 4100 1036 4170 περινοηθεὶς
1053 4103 1104 4152 καὶ
1122 4105 1217 4170 μιγεὶς
1234 4105 1271 4171 τῆ

155 4173 289 4246 Νηρεΐδι,
319 4175 472 4224 τουτέστιν
498 4168 597 4226 ὕδατι·
628 4171 662 4222 ἐκ
685 4169 717 4222 δὲ
740 4167 794 4236 τῆς
811 4169 870 4220 τῶν
888 4165 942 4220 dv'o
959 4165 1083 4236 μίξεως,
1113 4167 1223 4238 ὕδατός
1240 4160 1271 4224 r‘e

155 4242 207 4291 καὶ
224 4241 293 4308 γῆς,
321 4237 338 4292 ὁ
359 4239 488 4312 πρῶτος,
516 4237 552 4292 ori
572 4239 737 4306 γεννηθείς,
766 4235 840 4290 ἀλλὰ
858 4237 998 4302 πλασθεὶς
1014 4241 1138 4305 τέλειος,
1167 4241 1215 4294 διὰ
1236 4241 1268 4292 τὸ

154 4313 259 4377 μαζοϊς
276 4311 358 4376 χειλη
376 4306 417 4378 μὴ
437 4315 638 4382 προςενεγκεϊν
655 4307 795 4373 Ἀχιλλεὺς
813 4307 1035 4380 προςηγορεύθη
1054 4327 1080 4361 re.
1100 4324 1124 4360 τ.
1143 4310 1167 4363 l.
