2952 4826
237 243 280 308 50

160 455 163 466 .
242 402 332 482 Quae
355 394 591 480 proculusque
612 393 693 456 adeo
716 387 828 454 divino
852 389 892 450 ab
911 385 1037 450 numine
1056 383 1172 449 distent

238 504 341 587 Inque
364 501 456 563 debm
479 515 612 559 numero
634 513 715 580 quae
737 490 801 556 sint
823 489 955 574 indigna
978 485 1101 564 videri,

239 601 396 669 Notitiam
418 597 527 682 potius
548 598 704 680 praebere
727 604 761 657 ut
781 613 877 675 posse
899 601 1068 674 putentur,
1297 586 1356 649 125

239 704 327 787 Quid
348 702 390 767 sit
408 698 499 764 vitali
521 709 608 763 motu
625 717 780 781 sensuque
802 705 974 760 remotum.

304 803 434 887 Quippe
453 801 568 866 etenim
588 810 740 874 nonest,
764 819 834 860 cum
853 794 971 881 quovis
992 815 1135 876 corpore
1156 803 1190 856 ut
1205 813 1274 858 esse

243 910 348 974 Posse
369 903 465 967 animi
483 913 595 966 natura
616 911 747 983 putetur
766 898 1017 982 consiliumque:
1142 881 1147 892 ’

241 1010 333 1074 Sicut
352 1008 385 1070 in
414 1008 542 1069 aethere
565 1024 631 1067 non
653 1004 769 1076 arbos,
791 1021 856 1066 non
879 1020 1020 1086 aequore
1040 997 1125 1061 salso

240 1113 353 1174 Nubes
374 1129 442 1171 esse
464 1116 583 1192 queunt
605 1125 707 1189 neque
727 1102 834 1186 pisces
856 1101 967 1166 vivere
990 1100 1023 1164 in
1044 1098 1132 1162 arvis
1299 1097 1360 1160 130

241 1215 312 1277 Nec
334 1231 433 1274 cruor
454 1208 487 1272 in
508 1204 603 1291 lignis
624 1227 727 1290 neque
748 1204 834 1268 saxis
856 1225 950 1267 sucus
970 1201 1093 1266 inesse:

245 1313 434 1379 Certumne
455 1308 692 1392 dispositumst,
716 1307 772 1370 ubi
789 1305 946 1393 quidquid
970 1315 1094 1368 crescat
1116 1314 1147 1366 et
1171 1301 1263 1376 insit;

239 1415 297 1480 Sic
316 1413 411 1478 animi
430 1423 543 1476 natura
565 1409 675 1497 nequit
698 1409 765 1474 sine
786 1430 927 1490 corpore
949 1406 1036 1473 oriri

240 1519 320 1583 Sola
340 1537 442 1601 neque
463 1536 481 1577 a
504 1511 614 1578 neruis
633 1524 666 1577 et
683 1511 837 1595 sanguine
859 1508 987 1594 lougius
1008 1530 1089 1572 esse.

242 1621 340 1701 Quod
361 1616 389 1681 si
408 1627 518 1699 posset
539 1613 640 1690 enim,
664 1614 763 1676 multo
782 1611 872 1694 prius
895 1611 964 1694 ipsa
981 1609 1077 1674 animi
1099 1608 1148 1672 vis
1299 1607 1359 1668 185

242 1722 282 1785 In
304 1717 409 1802 capite
432 1727 484 1780 aut
507 1714 647 1778 humeris
665 1726 718 1777 aut
736 1713 808 1776 imis
828 1712 969 1776 calcibus
987 1735 1055 1778 esse

240 1824 359 1888 Posset
378 1831 410 1883 et
431 1816 555 1882 innasci
575 1816 688 1902 quavis
705 1814 739 1878 in
757 1825 850 1898 parte
873 1815 992 1879 soleret

241 1924 386 2005 Quamde
408 1919 440 1984 in
463 1922 576 1987 eodem
598 1917 727 1983 homine
749 1929 843 2002 atque
866 1915 900 1979 in
922 1921 1035 1982 eodem
1058 1937 1133 1980 vase
1156 1902 1295 1979 innuere.

243 2027 341 2107 Quod
363 2022 514 2108 quoniam
536 2030 651 2085 nostro
674 2041 804 2106 quoque
826 2029 952 2084 constat
974 2040 1117 2102 corpore
1140 2029 1261 2083 certum

242 2124 507 2208 Dispositumque
530 2121 671 2198 videtur,
695 2121 751 2185 ubi
772 2143 841 2184 esse
863 2131 895 2184 et
918 2143 1063 2186 crescere
1085 2104 1189 2204 possit
1299 2120 1361 2182 tto

242 2231 395 2292 Seorsum
418 2224 519 2288 anima
541 2235 636 2309 atque
659 2223 795 2297 animus,
821 2235 910 2287 tanto
935 2222 1036 2307 magis
1058 2222 1273 2300 infitiandum,

244 2333 366 2394 Totum
388 2348 485 2409 posse
508 2337 600 2390 extra
622 2346 741 2408 corpus
763 2326 965 2411 formamque
984 2325 1149 2390 animalem

242 2430 400 2500 Putribus
421 2429 453 2492 in
476 2426 580 2512 glebis
600 2438 757 2492 terrarum
781 2438 835 2490 aut
855 2426 933 2492 solis
955 2426 988 2490 in
1011 2426 1080 2512 igni

242 2535 311 2598 Aut
330 2532 365 2595 in
387 2553 468 2618 aqua
491 2533 607 2594 durare
629 2541 682 2592 aut
703 2528 775 2594 altis
797 2528 934 2592 aetheris
957 2529 1037 2594 oris.

241 2636 339 2698 Haud
360 2632 461 2718 igitur
484 2643 631 2696 constant
653 2630 765 2694 divino
787 2630 932 2714 praedita
954 2653 1064 2708 sensu,
1286 2630 1361 2702 Ι115

244 2733 513 2820 Quandoquidem
535 2745 695 2819 nequeunt
717 2733 856 2798 vitaliter
878 2755 946 2796 esse
964 2733 1111 2797 animata.

307 2836 393 2901 Illud
411 2836 485 2900 ilem
506 2856 571 2899 non
594 2847 642 2898 est
664 2847 699 2897 ut
716 2835 820 2917 possis
844 2837 993 2910 credere,
1017 2835 1119 2900 setteis

244 2941 325 3004 Esse
345 2940 437 3000 debm
459 2947 583 2998 sanctas
600 2934 634 2996 in
658 2935 764 2998 mundi
783 2935 929 3018 partibus
946 2935 1032 3000 ullis.

179 3035 183 3045 ¹
244 3038 368 3104 Tenvis
390 3036 473 3101 enim
499 3047 612 3099 natura
630 3038 722 3098 debm
745 3036 907 3121 longeque
927 3050 1053 3102 remote

244 3137 396 3204 Sensibus
418 3142 457 3201 ab
480 3137 600 3202 nostris
618 3136 714 3200 animi
736 3135 793 3201 vix
814 3150 916 3204 mente
937 3139 1077 3204 videtur.
1300 3140 1362 3204 150

245 3243 336 3323 Quae
356 3240 509 3326 quoniam
532 3260 676 3302 manuum
699 3251 817 3302 tectum
840 3240 975 3325 suffugit
994 3252 1026 3304 et
1048 3241 1166 3318 ictum,

246 3341 372 3407 Tactile
392 3342 437 3405 nil
459 3339 554 3406 nobis
576 3345 666 3427 quod
683 3340 742 3420 sit,
767 3341 957 3428 contingere
977 3345 1084 3408 debet.

246 3447 397 3529 Tangere
419 3444 501 3508 enim
520 3463 585 3507 nnn
607 3442 693 3529 quit,
716 3443 744 3508 si
762 3441 852 3526 tangi
871 3465 937 3508 nou
956 3443 1032 3508 licet
1050 3445 1169 3527 ipsum,

306 3667 365 3716 124.
384 3671 424 3716 cic
442 3670 494 3715 rint
510 3669 540 3715 L.
559 3693 592 3704 —
611 3669 650 3714 alc
667 3675 726 3714 eunt
743 3671 774 3716 n.
823 3668 883 3715 128.
907 3670 1088 3729 conciliumque
1106 3671 1137 3717 E.
1151 3669 1224 3720 etse.
1247 3673 1294 3718 Sed
1314 3673 1361 3719 cfr.

243 3740 299 3786 Lib.
312 3739 343 3795 ³,
363 3737 422 3785 615.
446 3738 560 3798 Denique
578 3752 642 3798 quur
660 3740 741 3782 animi
757 3752 884 3797 nunquam
901 3752 972 3784 mene
991 3741 1173 3800 consiliumque
1192 3740 1316 3802 Gigm'tur·
1333 3744 1362 3786 in

243 3810 325 3867 cupite
343 3813 390 3853 cet.
438 3805 496 3855 129.
516 3821 566 3852 non
583 3819 691 3866 aequore
709 3807 786 3852 Codd.
807 3808 869 3852 Edd.
888 3813 947 3853 vett.
969 3813 1014 3854 Ar.
1037 3809 1067 3857 P.
1088 3811 1119 3858 Α.
1144 3812 1186 3855 W.
1211 3831 1246 3844 -
1269 3825 1316 3856 nec
1333 3812 1362 3856 in

243 3891 351 3936 aequore
369 3877 398 3921 1..
413 3877 443 3925 ll.
458 3878 555 3934 ipseque
568 3875 660 3920 Eiclmt.
676 3877 802 3922 immemor
815 3879 929 3922 similium
943 3875 973 3931 3,
990 3875 1049 3924 785.
1070 3877 1101 3934 5,
1117 3876 1177 3924 23³.
1227 3877 1284 3927 134.
1305 3881 1360 3925 lon·

243 3948 311 4006 giler
324 3946 352 3989 L.
367 3947 397 3991 ll.
412 3943 481 4001 unt,
498 3943 556 3991 676.
595 3941 654 3990 135.
673 3945 853 3992 nocetne-tt.
900 3944 958 3992 188.
979 3945 1120 3992 Tandem·
1142 3949 1360 3994 -mcnereCodd.

245 4013 302 4073 (E.)
314 4015 374 4060 Edd.
388 4019 447 4060 velt.
472 4038 505 4050 -
529 4013 642 4059 Tandem
660 4039 671 4052 ·
689 4039 700 4050 -
718 4021 831 4060 muneret
849 4016 893 4060 Cd.
909 4016 938 4062 C.
959 4017 1111 4062 11.-111.
1126 4020 1144 4064 l.
1164 4023 1187 4062 el
1205 4015 1234 4078 3,
1251 4016 1309 4064 791.
1328 4041 1362 4052 ··-

243 4083 347 4143 quamde
366 4085 393 4128 in
411 4083 486 4128 corde
504 4083 572 4128 omni
597 4081 647 4140 (ap.
668 4083 811 4131 Wakefield.
826 4086 857 4130 ’1’.
874 4081 898 4131 3.
918 4100 942 4141 p.
964 4084 1004 4134 18.
1024 4088 1066 4132 scd
1086 4087 1117 4130 Τ.
1136 4084 1160 4131 1.
1181 4101 1204 4142 p.
1219 4087 1278 4132 111.
1302 4087 1363 4138 tene)

243 4178 253 4189 -
268 4165 400 4197 -munere.
419 4153 498 4197 Bentl.
513 4155 572 4197 trude
587 4153 628 4200 W.
650 4151 761 4214 Quamde
781 4179 790 4190 ·
804 4180 813 4191 ·
832 4167 933 4200 munere
947 4157 1049 4210 recepit.
1089 4153 1147 4201 153.
1168 4157 1234 4215 quit,
1254 4155 1319 4216 quod
1337 4157 1363 4201 ei

243 4222 320 4268 Codd.
332 4221 384 4278 (C.)
396 4221 457 4268 End.
472 4227 528 4268 vett.
550 4243 579 4255 -
600 4223 665 4281 quit,
685 4223 710 4266 ri
722 4223 766 4268 nv.
779 4225 821 4268 W.
844 4245 873 4257 -
893 4225 959 4284 quit,
975 4223 1040 4284 quod
1054 4224 1123 4270 Fun.
1133 4225 1161 4270 1..
1171 4227 1200 4270 11.
1241 4223 1299 4272 155.
1312 4238 1363 4282 pro

239 4291 270 4337 L.
290 4290 340 4347 „dc
359 4303 464 4347 corpore
483 4290 498 4340 i.
518 4305 540 4340 e.
561 4304 605 4346 pro
624 4304 741 4348 corpore,
769 4294 797 4337 nd
815 4293 933 4339 rationem
951 4299 976 4339 et
993 4298 1101 4339 naturam
1121 4296 1258 4352 corporis.”
1281 4295 1359 4341 Forb.
