2952 4826
179 178 218 240 22

179 337 262 409 Aut,
286 333 358 419 quia
374 333 555 418 significant
575 331 679 394 divam
701 329 905 412 praedicere,
928 341 962 391 ut
984 330 1080 393 armis

178 441 231 501 Ac
254 435 371 499 virtute
394 435 492 498 velint
512 432 646 516 patriam
670 431 837 516 defendere
860 443 976 495 terram

177 537 408 623 Praesidioque
428 547 541 620 parent
564 522 738 619 decorique
758 533 943 615 parentibus
965 557 1046 598 esse.

243 641 347 720 Quae,
370 641 449 702 bene
473 649 503 700 et
522 635 637 701 eximie
659 635 802 720 quamvis
826 635 969 718 disposta
989 636 1150 711 scrantur,

177 745 293 826 Longe
313 753 384 804 sunt
404 753 508 804 tamen
531 763 548 802 a
568 762 644 802 vera
666 737 789 802 ratione
809 738 948 820 repulsa.
1222 743 1286 804 015

180 843 292 909 Omnis
315 843 397 905 enim
416 866 474 926 per
495 863 528 905 se
551 841 659 904 divdm
682 851 792 903 natura
815 852 972 904 necessest

178 944 357 1008 Immortali
380 966 461 1008 aevo
483 935 600 1006 summa
621 966 691 1006 cnm
713 965 792 1025 pace
813 944 952 1020 fruatur,

181 1050 308 1110 Semota
331 1068 348 1108 a
370 1045 489 1109 nostris
510 1048 606 1108 rebus
626 1045 829 1130 seiunctaque
851 1046 961 1130 longe.

176 1151 257 1212 Nam
279 1147 405 1230 privata
428 1148 542 1212 dolore
566 1145 667 1222 omni,
691 1145 816 1229 privata
837 1147 984 1230 periclis,

176 1252 251 1332 Ipsa
275 1250 338 1312 suis
360 1251 485 1332 pollens
505 1249 637 1333 opibus,
661 1247 740 1311 nihil
761 1248 870 1332 indiga
891 1249 1012 1326 nostri,
1032 1311 1034 1318 ,
1226 1253 1287 1315 650

175 1355 246 1416 Nec
268 1354 348 1415 bene
372 1351 558 1434 promeritis
581 1349 706 1434 capitur
727 1373 785 1414 nec
808 1351 948 1436 tangitur
967 1352 1027 1414 ira.

239 1457 342 1518 Terra
365 1453 490 1539 quidem
514 1474 593 1517 vcro
618 1463 704 1516 caret
726 1453 814 1516 omni
835 1466 979 1536 ternpore
1001 1476 1110 1528 sensu;

176 1561 260 1636 Sed,
283 1557 356 1642 quia
376 1558 543 1619 multarum
565 1554 688 1638 potitur
710 1554 887 1637 primordia
910 1579 1033 1632 rerum,

177 1660 283 1722 Multa
306 1659 408 1736 modis
428 1659 532 1721 multis
553 1661 645 1721 effert
667 1656 834 1719 inlumina
856 1656 946 1722 solis.

174 1761 241 1824 Hic
260 1760 286 1822 si
305 1760 375 1845 quis
396 1782 480 1823 mare
504 1762 686 1841 Neptunum
709 1757 924 1843 Cereremque
945 1782 1063 1825 vocare
1225 1766 1284 1828 655

177 1862 359 1927 Constituct
382 1863 494 1946 fruges
519 1873 549 1925 ct
571 1859 692 1924 Bacchi
713 1858 840 1923 nomine
863 1862 950 1925 abuti
993 1868 996 1875 '

174 1965 306 2028 Mavolt
324 1987 416 2048 quam
438 1963 540 2026 laticis
561 1962 729 2046 proprium
750 1963 900 2044 proferre
921 1987 1092 2042 vocamen3

176 2066 413 2142 Concedamus,
437 2078 471 2128 ut
493 2065 546 2129 hic
569 2077 726 2128 terrarum
749 2064 872 2128 dictitet
894 2070 1005 2130 orbem

174 2171 254 2232 Esse
271 2171 362 2231 desim
387 2178 535 2244 matrem,
560 2171 631 2229 dum
654 2189 730 2230 vera
748 2188 783 2229 re
807 2179 910 2232 tamen
932 2169 1012 2252 ipsc.

512 2357 588 2417 Lus.
606 2355 654 2416 ll.
683 2375 715 2415 v.
733 2353 945 2420 991-1175.

236 2475 380 2561 Denique
401 2474 528 2538 caelesti
550 2497 653 2536 sumus
676 2495 784 2537 omnes
806 2475 921 2538 semine
943 2477 1106 2555 oriundei;

175 2578 331 2644 Omnibus
353 2578 407 2639 ille
428 2577 509 2640 idem
533 2588 623 2658 pater
646 2587 709 2652 est,
733 2579 813 2638 unde
836 2578 916 2639 alma
938 2579 1105 2665 liquenteis

173 2679 329 2744 Humoris
351 2690 456 2764 guttas
480 2689 578 2742 mater
600 2699 696 2762 quom
721 2681 823 2740 Terra
848 2680 987 2762 recepit,

175 2785 254 2845 Feta
275 2781 361 2864 parit
382 2780 498 2843 nitidas
516 2781 627 2864 fruges
651 2781 840 2864 arbustaque
862 2781 941 2846 laeta

173 2887 216 2947 Et
239 2906 337 2967 genus
356 2885 541 2956 humanum,
564 2882 649 2964 parit
671 2881 775 2944 omnia
796 2884 879 2946 secla
900 2885 1058 2963 ferarum3
1217 2896 1277 2960 995

177 2987 301 3050 Pabula
323 3007 419 3070 quom
442 2987 595 3066 praebet.
613 2982 729 3068 quibus
750 3005 859 3047 omnes
878 3009 1021 3070 corpora
1042 3005 1174 3073 pascunt

172 3090 217 3151 Et
243 3087 365 3148 dulcem
390 3090 506 3150 ducunt
530 3085 626 3148 vitam
648 3085 835 3170 prolemque
855 3103 1055 3175 propagant:

174 3191 382 3271 Quapropter
403 3188 518 3252 merito
544 3199 716 3250 maternum
738 3209 853 3252 nomen
874 3194 1029 3275 adeptast.
1087 3227 1090 3232 ·

174 3291 268 3356 Cedit
287 3291 360 3353 item
382 3302 470 3355 retro
480 3333 494 3366 ,·
513 3294 551 3354 de
572 3301 657 3353 terra
677 3293 765 3374 quod
786 3291 847 3353 fuit
871 3305 958 3371 ante,

173 3395 211 3456 ln
234 3404 355 3468 terras3
378 3405 409 3456 et
431 3397 519 3478 quod
539 3392 695 3457 missumst
718 3413 759 3454 ex
775 3394 911 3459 aetheris
933 3397 1015 3476 oris,
1200 3407 1281 3470 1000

228 3546 285 3593 616.
304 3548 422 3603 Epicurus
441 3551 500 3604 apud
518 3549 588 3608 Diog.
600 3549 682 3594 baert.
700 3546 818 3603 10,139.
838 3544 872 3597 τὸ
890 3549 1040 3624 μακάριον
1057 3556 1107 3606 καὶ
1125 3549 1282 3630 ἄφθαρτον

173 3611 243 3667 οὔτε
262 3611 337 3666 αὐτὸ
356 3613 515 3687 πράγματα
533 3609 610 3679 ἔχει,
640 3609 710 3669 οὔτε
726 3611 804 3686 ἄλλῳ
822 3623 955 3689 παρέχει·
986 3616 1061 3673 ὥστε
1084 3619 1154 3676 οὔτε
1178 3625 1283 3698 ὀργαῖς

172 3679 243 3736 οὔτε
260 3683 361 3757 χάρισι
379 3687 543 3746 συνέχεται.
598 3685 656 3734 659.
682 3689 870 3746 8ο11.ι1ιόίι“ῑοὶ;
898 3690 1011 3752 „merseris
1029 3709 1057 3738 er
1074 3709 1123 3740 nur
1141 3698 1180 3742 bei
1199 3702 1282 3746 dieser

113 3763 115 3769 '
173 3755 326 3816 Benennung
351 3755 397 3801 dus
419 3755 512 3800 Wolm
535 3756 591 3801 aicit
608 3757 707 3804 deult.'’
742 3759 781 3805 Sic
804 3763 857 3810 lect.
881 3763 941 3806 Cdd.
966 3765 1068 3820 explico.
1088 3767 1160 3812 Wak.
1181 3775 1279 3814 contra:

172 3829 245 3878 „dum
264 3839 349 3870 revera
366 3828 397 3870 sit
417 3827 467 3881 ipse
488 3827 553 3871 orbis
568 3833 702 3882 terrarum,
722 3844 769 3874 non
788 3831 916 3876 auimatum
934 3833 1021 3891 aliquid
1040 3849 1067 3880 ac
1085 3833 1161 3880 Dedin
1178 3839 1281 3880 mater.”

174 3897 208 3938 lta
221 3895 296 3938 Codd.
312 3895 362 3949 (E.)
375 3897 434 3942 Edd.
449 3901 508 3940 vett.
529 3897 611 3940 Codex
626 3902 704 3942 autem
718 3900 765 3944 C.:
787 3899 845 3944 dum
862 3916 889 3944 re
901 3915 960 3945 cera
975 3909 1058 3948 iernen
1070 3905 1097 3950 id
1107 3905 1150 3949 eit.
1170 3929 1203 3938 ·-
1221 3905 1281 3950 dum

172 3977 232 4009 sera
247 3977 274 4005 re
289 3969 371 4007 tomen
380 3961 449 4008 baud
459 3967 492 4010 sit
504 3965 548 4010 Αν.
558 3966 586 4012 Ρ.
595 3966 624 4011 Α.
640 3990 673 4001 -
685 3967 746 4013 Edd.
761 3976 862 4014 recentt.
876 3972 1025 4019 retinuerunt
1037 3975 1185 4018 temerariam
1194 3974 1278 4020 Lamb.

173 4033 236 4077 coni.
257 4031 315 4076 ditm
332 4046 359 4078 rs
377 4045 427 4076 non
445 4035 479 4078 eit
495 4040 578 4082 tuanen
595 4048 672 4094 apes:
691 4052 720 4082 ex
739 4053 784 4096 qua
801 4044 879 4085 tamen
893 4041 1008 4100 hodieque
1026 4045 1110 4086 docent
1127 4055 1216 4100 reapse
1235 4057 1279 4100 per

173 4102 258 4148 tmesin
277 4101 378 4159 disiungi
395 4116 475 4157 posse.
495 4119 518 4150 v.
537 4105 609 4149 Beier
626 4108 655 4150 ad
674 4107 726 4152 Cic.
746 4110 774 4154 de
793 4107 990 4166 0ff.1.p.175.

559 4173 614 4218 Ins.
631 4175 663 4223 ll.
683 4188 706 4220 v.
722 4175 894 4226 991-1175.

229 4237 285 4285 993.
305 4237 431 4286 launwrem
445 4241 505 4289 Edd.
520 4248 576 4289 reti.
588 4244 646 4290 ilar.
667 4245 711 4290 Sed
726 4246 786 4293 Cdd.
800 4249 885 4308 pleriq.
900 4251 970 4294 etiam
983 4249 1011 4294 C.
1024 4249 1052 4295 E.
1070 4247 1197 4310 Ιιιυηονίος
1218 4255 1279 4312 qnod
