2948 4820
387 357 491 428 Dives
513 366 561 423 est
582 355 639 444 qui
660 355 704 424 nil
727 357 841 435 habet,
864 356 920 422 illa
941 369 1084 436 tantum,

391 462 482 543 Quae
503 470 614 545 potest
634 470 723 525 certa
744 459 886 526 retinere
907 461 1043 540 dextra,

391 565 496 649 Seque
516 563 583 627 fert
603 582 729 642 secum,
754 583 837 648 vaga
860 583 926 648 quio
948 562 1089 648 migrare

474 663 573 730 Iussit
595 675 735 750 egestas.

390 804 477 886 Quid
498 802 590 883 mihi,
613 803 667 888 quui
690 804 732 868 nil
754 801 898 886 cupiam,
923 805 1034 867 deesse

389 905 525 972 Possit?
547 905 702 970 Umbrosi
722 905 829 988 placet
850 927 911 968 uua
933 905 1028 972 Pindi

389 1007 508 1074 Vallis.
556 1006 587 1073 0
610 1027 734 1072 sacrum
757 1011 886 1072 nemus!
915 1029 935 1072 o
958 1009 1089 1074 iocosae
1122 998 1129 1018 '

474 1111 567 1175 Rura
589 1110 765 1175 Camenae!

391 1249 482 1328 Quae
505 1268 594 1311 meos
615 1261 728 1329 poscet
750 1247 799 1310 via
823 1269 948 1332 cunque
970 1271 1118 1335 gressus,

389 1349 540 1432 Delphici
562 1370 704 1425 mecum,
730 1370 798 1411 mea
820 1371 941 1434 regna,
966 1352 1086 1430 colles,

389 1449 448 1514 Itis
469 1462 502 1514 et
523 1451 641 1516 fessum
664 1451 834 1516 comitante
857 1451 993 1517 circum·

474 1552 585 1616 sistitis
607 1555 732 1618 umbra.

391 1694 451 1758 Me
474 1692 602 1757 Gothus
625 1691 729 1756 saevis
751 1690 866 1777 religet
888 1691 1028 1771 catenis,

391 1797 452 1860 Me
475 1795 609 1876 Scythes
630 1805 759 1878 captum
780 1793 903 1877 rapiat,
928 1797 1033 1859 soluta

390 1898 504 1962 Mente
526 1896 692 1962 vobiscum
714 1907 833 1979 potero
855 1901 1038 1964 tremendos

474 1997 595 2064 Visere
617 1999 740 2084 Reges.

690 2301 754 2348 ODE
773 2302 873 2347 nul.
932 2371 935 2376 Ι

646 2423 705 2488 Ad
747 2422 917 2486 cicadam.

391 2564 442 2639 Ο,
466 2583 546 2647 quae
568 2563 707 2646 populea
729 2583 851 2626 summa
872 2564 984 2626 sedens
1008 2584 1120 2640 coma,

391 2664 482 2731 Caeli
503 2663 649 2729 roriferis
671 2664 759 2729 ebria
781 2663 939 2741 lacrimis,
1003 2699 1005 2704 ·

434 2770 480 2832 Et
500 2780 531 2831 te
555 2789 657 2844 voce,
681 2767 809 2844 cicada,

457 2871 521 2934 ‘Et
543 2882 662 2933 mustum
684 2891 811 2933 recreas
832 2891 960 2934 nemus:

391 3012 474 3075 Post
496 3013 610 3094 longas
632 3009 773 3088 hiemes,
797 3013 870 3072 dum
894 3009 1022 3072 nimium
1044 3009 1153 3073 brevis

390 3113 507 3177 Aestas
530 3134 563 3175 se
586 3112 712 3177 levibus
732 3111 922 3195 praecipitat
944 3111 1043 3189 rotis,

434 3214 603 3293 Festinus,
629 3237 708 3300 age,
730 3216 819 3280 lento

477 3319 570 3382 Soles
592 3317 705 3402 excipe
726 3318 848 3402 iurgio.

391 3458 436 3522 Ur
458 3478 492 3520 se
514 3479 659 3544 quiaequc
682 3457 747 3521 dies
771 3457 875 3522 attulit
898 3458 1045 3541 optima,

393 3559 446 3622 sie
468 3581 501 3623 se
525 3582 671 3644 quaeque
693 3559 795 3642 rapit:
827 3560 911 3622 nulla
934 3560 994 3623 fuit
1016 3559 1091 3623 satis

435 3663 581 3747 Unquam
605 3658 712 3747 longa'
727 3665 893 3745 voluptas3

476 3765 614 3850 Longus
636 3763 763 3848 saepius
786 3775 833 3827 est
855 3765 961 3829 dolor.

673 4064 896 4086 -μ--ικ-ιι
