2964 4814
121 395 173 456 At
198 413 264 456 non
287 411 460 473 squamoso
481 391 631 452 labuntur
656 400 768 452 uentre
790 402 955 464 cerastae,

193 493 277 555 Itala
294 491 457 574 portentis
480 513 539 553 nec
558 491 629 552 fluit
652 493 733 552 tanda
755 490 871 555 novis:

124 595 207 656 Non
233 593 285 656 hic
307 595 533 656 Andromedae
557 603 709 655 resonant
730 613 792 673 pro
820 581 920 654 anatre
945 601 1093 667 catenae,

195 697 266 756 Nee
287 695 396 756 tremis
419 692 597 768 Ausoniae,
622 694 756 758 Phoebe
778 694 907 775 fugate,
932 694 1049 772 dapes:
1211 691 1252 754 30

127 796 203 856 Nec
225 794 371 879 cuiquam
396 797 540 856 absentes
564 805 711 857 arserunt
732 793 763 855 in
786 803 884 874 caput
905 791 1014 876 ignes,

195 897 339 966 Exitium
364 907 439 958 nato
466 907 564 956 matre
588 907 737 959 movente
762 915 845 957 suo:

127 997 277 1060 Penthea
299 1017 363 1060 non
387 1017 501 1058 saevae
524 1006 682 1060 venantur
707 996 738 1057 in
767 996 885 1060 arbore
912 996 1081 1070 Bacchae;

194 1099 266 1160 Nec
286 1097 385 1161 solvit
411 1098 538 1160 Danaas
560 1095 683 1158 subdita
710 1117 807 1158 cerva
829 1107 938 1159 rates:
992 1105 995 1112 ⁴

129 1196 267 1261 Cornua
292 1219 351 1260 nec
373 1197 473 1260 valuit
494 1218 631 1260 curvare
653 1197 685 1259 in
711 1197 824 1278 pellice
849 1198 933 1260 Iuno
1212 1199 1252 1261 35

194 1300 262 1362 Aut
282 1297 394 1361 faeiem
416 1298 503 1378 turpi
525 1301 722 1362 dedecorare
744 1299 848 1361 hove:
1205 1283 1211 1292 ¹

127 1401 363 1483 Arboreasque
386 1419 497 1460 cruces
521 1397 603 1460 Sinis
625 1410 657 1460 et
679 1419 743 1462 non
765 1399 893 1481 hospita
916 1399 1023 1463 Graiis

194 1502 278 1562 Saxa
301 1511 332 1562 et
354 1512 501 1562 curvatas
522 1499 554 1560 in
577 1520 632 1561 sua
654 1499 721 1562 lata
742 1501 863 1562 trabes.

126 1603 222 1664 Haec
244 1600 320 1675 tihi,
347 1601 460 1675 Tulle,
484 1621 617 1680 parens,
643 1600 721 1662 haec
743 1611 792 1662 est
813 1600 1029 1681 pulcherrima
1052 1605 1164 1680 sedes,

194 1703 260 1765 Hic
280 1700 339 1763 tihi
361 1723 424 1782 pro
448 1702 543 1784 digna
566 1693 661 1784 gente
683 1703 837 1780 petendus
861 1703 986 1777 honos,
1208 1706 1249 1766 10

127 1801 195 1864 Hic
217 1802 275 1865 tibi
297 1804 336 1864 ad
359 1797 521 1885 eloquium
545 1800 651 1875 cives,
675 1799 728 1862 hic
750 1802 853 1884 ampla
876 1814 1027 1883 nepotum

194 1903 274 1984 Spes
297 1916 328 1966 et
352 1913 503 1965 venturae
527 1901 674 1984 coniugis
698 1914 789 1984 aptus
812 1924 914 1966 amor.

398 2087 477 2148 un.
503 2086 567 2148 1v.
593 2088 668 2164 (v.)
711 2087 889 2150 annom
911 2089 976 2152 xr.

127 2203 266 2280 Desine,
292 2204 424 2279 Paullc,
448 2225 551 2266 meum
573 2205 710 2267 lacrimis
732 2227 849 2289 urgere
871 2208 1075 2288 sepulcrum3

193 2305 359 2370 Panditur
376 2307 415 2366 ad
436 2305 538 2367 nullas
559 2305 652 2368 ianua
674 2305 769 2388 nigra
790 2327 918 2387 preces.

127 2407 236 2486 Quom
260 2406 357 2468 semel
378 2405 520 2467 infernas
542 2405 699 2468 intrarunt
719 2408 833 2470 lunera
855 2409 964 2492 leges,

192 2508 269 2569 Non
290 2516 426 2570 exorato
449 2517 533 2568 stant
554 2508 717 2570 adamante
740 2508 823 2571 viae.

126 2685 192 2733 td:
230 2685 303 2730 Leria
336 2691 454 2742 crepante
493 2683 598 2744 lympha
630 2686 716 2732 desilit
737 2689 812 2745 pede.
840 2692 954 2746 Propert.
985 2689 1014 2747 3,
1041 2691 1104 2744 28.:
1149 2693 1182 2740 Et
1212 2697 1247 2740 le-

124 2756 189 2800 viter
206 2752 320 2812 lymphis
344 2759 394 2797 totu
420 2754 601 2810 crepitantibus
627 2755 708 2810 urbe;
736 2755 766 2813 ,1,
797 2757 846 2813 ll,
874 2756 918 2804 4.;
950 2757 995 2804 Et*
1010 2760 1080 2806 cudit
1103 2755 1130 2808 in
1145 2766 1249 2820 patulos

123 2820 233 2882 lympha
250 2821 349 2866 Aniena
366 2823 448 2866 larua.
508 2822 622 2868 Ceterum
639 2825 781 2884 intelligitur
796 2827 850 2871 fons
874 2827 1083 2888 Iuturnaeliuxta
1101 2831 1246 2888 Numicium,

123 2893 187 2946 apud
206 2904 277 2947 quein
296 2895 356 2934 teste
377 2892 432 2934 Val.
453 2891 518 2936 Mai.
541 2890 573 2946 1,
606 2891 631 2936 8.
662 2907 732 2937 suum
751 2909 912 2952 equorumque
932 2897 1034 2950 (Cyllari
1056 2900 1155 2957 Pollux)
1175 2904 1247 2946 sudo-

123 2974 179 3004 rem
203 2958 331 3008 abluerunt
351 2956 465 3021 Castores
489 2964 544 3014 post
569 2961 695 3004 victoriam
716 2963 745 3006 ah
765 2966 794 3006 A.
813 2965 940 3008 Postumio
967 2967 1083 3014 dictatore
1112 2971 1141 3013 ad
1168 2973 1247 3015 lacum

121 3029 246 3086 Regillum
260 3031 407 3082 reportatam
426 3041 450 3070 n.
470 3042 491 3071 c.
514 3024 573 3074 258.
637 3027 679 3075 30.
700 3027 742 3075 ³1.
763 3031 887 3091 Significat
903 3033 976 3077 Atrei
1003 3037 1086 3090 epulas
1112 3043 1136 3082 et
1152 3037 1248 3084 Melea-

123 3098 169 3154 gri
187 3097 296 3140 titionem
315 3096 346 3138 ab
358 3096 457 3140 Althaea
471 3097 629 3140 combustum.
668 3095 988 3146 37.Araormv21.acum.
1006 3106 1069 3150 coni.
1086 3107 1148 3151 haud
1163 3119 1247 3152 neres·

122 3164 205 3220 saria;
226 3177 248 3206 v.
263 3165 368 3208 Huschk.
386 3166 415 3208 ad
428 3165 484 3208 Tib.
508 3163 578 3229 2,]1,
601 3163 642 3210 17.
662 3189 695 3202 -·
714 3168 836 3231 Significat
853 3169 928 3214 Sinin
946 3172 1048 3225 piauhus
1067 3176 1173 3220 adductis
1197 3177 1248 3220 via·
1302 3223 1304 3228 ,

122 3239 192 3276 tores
211 3231 354 3290 adligantean
370 3233 504 3290 iisdemque
522 3235 631 3278 remissis
648 3236 794 3282 lacerantem
813 3244 836 3283 et
851 3237 986 3282 Seironem.
999 3241 1118 3287 latronem
1138 3245 1245 3298 hospites

122 3315 137 3344 a
158 3301 265 3354 scopulis
287 3301 413 3355 (Scironiis
428 3303 452 3344 in
468 3301 557 3358 Attica)
576 3304 789 3360 praecipitantem,
810 3312 935 3362 utrumqne
955 3321 969 3349 a
994 3309 1090 3356 Theseo
1116 3313 1244 3356 devictum.

120 3382 146 3412 r.
165 3367 290 3416 Plutarch.
311 3369 383 3412 Thes.
403 3367 443 3414 10.
476 3367 519 3415 tt.
539 3369 586 3427 (aad
603 3372 727 3430 eloquium
745 3387 837 3419 carana
856 3375 952 3432 quidam
965 3388 1003 3429 ap.
1018 3378 1141 3423 Passerat.
1159 3399 1192 3415 -
1212 3379 1248 3426 aa

119 3451 144 3478 e.
165 3437 209 3479 vin
219 3433 278 3492 sert
296 3437 378 3482 licius.
399 3436 433 3480 ad
450 3452 472 3482 e.
492 3440 560 3482 eirea
580 3439 678 3494 Burm.)
697 3438 768 3486 Gioea
789 3445 860 3488 scil.”
879 3443 918 3498 qui
945 3447 1008 3492 tuam
1028 3448 1187 3503 eloquentiam
1203 3449 1245 3493 ad·

120 3505 242 3548 mirentur
260 3517 366 3561 quosque
385 3510 426 3548 tua
443 3506 553 3552 facundia
571 3508 653 3552 iuvare
672 3511 779 3564 possis.'’
797 3502 871 3556 Kuin.
1022 3504 1023 3507 Ἴ

484 3632 540 3674 Lta.
561 3632 604 3676 lV.
625 3631 680 3690 (V.)
710 3634 807 3680 ELEG.
827 3635 876 3681 xl.

194 3714 353 3758 humanum
371 3717 499 3774 alloquitur
521 3717 634 3762 Cornelia
656 3725 709 3762 nata
729 3733 757 3763 ea
775 3722 804 3766 Ρ.
826 3721 942 3768 Cornelio
964 3724 1077 3778 Scipione
1092 3725 1193 3777 ¹Nasica
1221 3731 1245 3768 et

120 3783 267 3836 scribonia,
296 3786 397 3827 secunda
424 3787 524 3843 coniuge
545 3785 646 3843 Augusti
671 3793 795 3845 matreque
820 3792 910 3845 lullae,
940 3793 1027 3836 coniux
1052 3793 1131 3837 Paulli
1147 3793 1244 3838 Aemilii

119 3852 224 3906 Lepidi,
244 3849 298 3907 (lilii
317 3851 347 3895 1..
365 3852 462 3898 Aemilii
482 3855 576 3908 Paulli,
596 3855 701 3900 consulis
725 3857 780 3899 anni
808 3856 874 3913 704,
903 3860 987 3905 framis
1005 3874 1064 3906 vero
1090 3863 1126 3906 M.
1146 3861 1256 3907 Aemilii'

119 3920 205 3974 Lepidi
231 3919 372 3974 triumviri.)
416 3922 451 3966 De
469 3922 555 3966 Paullo
573 3923 676 3967 Aemilio
701 3923 792 3980 Lepido
811 3941 835 3971 v.
853 3929 926 3972 Dion.
953 3927 1002 3983 ll,
1022 3926 1055 3973 ,6.
1076 3926 1118 3984 55,
1139 3927 1164 3975 2.
1185 3932 1244 3976 Vel-

119 3989 162 4031 lei.
184 3986 215 4039 2,
237 3985 279 4032 95.
299 3989 365 4032 Suet.
385 3988 447 4048 Aug.
470 3989 512 4034 16.
529 3989 614 4035 Claud.
637 3990 677 4036 1⁶.
697 3993 820 4038 Perizonii
839 3995 966 4041 Animadv.
980 3998 1037 4040 hist.
1051 4011 1076 4052 p.
1093 3996 1152 4042 121.
1173 4013 1242 4059 seqq.

118 4057 177 4100 Fuit
195 4053 289 4100 Consul
304 4057 416 4101 suffectus
438 4067 470 4102 a.
487 4055 546 4104 720.
577 4061 673 4104 ultimus
701 4075 829 4106 censorum
854 4077 909 4108 eum
930 4065 960 4110 1..
980 4066 1089 4110 Munatio
1108 4069 1199 4112 Planco
1219 4075 1253 4112 a.'
1315 4087 1324 4103 1

120 4121 181 4168 732.
231 4123 345 4168 Cornelia
363 4130 442 4170 autem
458 4132 602 4172 mortuaest
619 4143 642 4172 a.
665 4127 725 4174 738.
744 4130 922 4190 ineuntesque
938 4133 990 4177 eius
1007 4134 1085 4180 irater
1103 4137 1133 4181 P.
1149 4135 1252 4182 Corne?

119 4193 166 4235 lius
187 4191 268 4246 Scipio
283 4195 366 4237 consul
385 4193 439 4239 fuit.
461 4215 500 4238 —.
511 4197 610 4252 „Saepe
625 4197 684 4240 mihi
703 4210 760 4251 prae
782 4200 893 4244 omnihus
910 4202 1011 4260 reliquis
1027 4204 1242 4258 Latinis‘podma-

117 4261 149 4304 tle
174 4264 287 4315 quattuor
306 4261 432 4307 ediscenda
453 4264 756 4322 carminaeommendarit
777 4269 951 4316 Valckenarius
963 4302 970 4327 ,
999 4273 1023 4316 in
1050 4273 1136 4330 quihus
1164 4269 1245 4334 ipsius„
