2964 4814
234 185 295 246 tlt

297 339 345 402 Sit
366 339 459 413 satis,
485 348 616 403 ornatus
640 337 825 402 dissoluisse
848 359 977 415 comae3

232 441 280 505 Sit
302 440 448 504 lacrimas
471 439 609 504 movisse
631 439 733 503 satis:
755 449 870 524 quater
890 440 944 504 ille
965 443 1095 518 beatus,

295 543 371 622 Quo
393 553 501 604 tenera
523 541 607 604 irato
629 540 707 604 flere
730 540 835 621 puella
858 552 979 623 potest.
1247 599 1266 607 ..

232 645 296 708 Sed
317 641 462 706 manibus
485 642 541 724 qui
562 662 676 705 saevus
700 641 780 716 crit,
804 653 991 726 acrrttuuque
1014 646 1187 728 sudemque
1282 671 1285 680 ·
1314 647 1360 708 65

295 745 329 807 Is
351 754 443 828 gerat
464 755 495 806 ct
518 741 584 806 miti
604 742 646 806 sit
667 743 784 825 procul
806 763 823 804 a
846 743 988 808 Venere.
1009 745 1017 752 '

232 851 277 910 At
300 845 414 921 nobis,
438 846 510 909 Pax
533 844 631 919 alma,
656 841 726 906 veni
750 842 933 927 spicamque
957 855 1082 921 teneto,

294 946 437 1011 Perfluat
459 957 490 1007 et
512 944 617 1027 pomis
639 943 789 1008 candidus
811 955 881 1008 ante
904 944 1008 1009 sinus!

538 1131 666 1216 *nrum
689 1130 733 1194 11.
777 1079 956 1196 nuncia
979 1085 1008 1192 i.

231 1249 384 1334 Quisquis
407 1252 509 1324 adest,
535 1249 659 1312 valeat:
684 1249 795 1333 iruges
818 1250 987 1312 lustramus
1008 1238 1041 1312 et
1063 1271 1182 1334 agros,

294 1340 388 1416 Ritus
412 1362 446 1413 ut
468 1371 484 1413 a
509 1350 619 1432 prisco
642 1349 777 1413 traditus
800 1361 902 1412 exstat
924 1371 999 1414 avo.

232 1453 359 1516 Bacche
381 1451 471 1527 veni,
495 1451 658 1536 dulcisque
678 1449 742 1514 tuis
765 1471 782 1516 e
805 1451 957 1517 cornibus
980 1474 1042 1516 uva

204 1614 212 1626 ,
293 1555 436 1617 Pendeat
458 1565 490 1616 et
510 1551 607 1635 spicis
631 1564 777 1634 tempora
799 1552 910 1636 cinge,
937 1551 1049 1616 Ceres.

229 1657 321 1718 Luce
340 1673 430 1717 sacra
451 1645 629 1738 requiescat
651 1655 784 1728 humus,
810 1651 989 1735 requiescat
1010 1639 1119 1718 arator

292 1757 337 1819 Et
358 1777 457 1840 grave
481 1775 634 1835 suspenso
656 1774 787 1818 vomere
811 1765 914 1818 cesset
940 1774 1036 1837 opus.
1127 1810 1133 1820 ,
1195 1747 1198 1754 ’

230 1856 354 1920 Solvite
378 1856 481 1919 vinela
503 1855 602 1938 iugis;
626 1875 709 1918 nunc
733 1856 772 1916 ad
793 1855 959 1938 praesepia
982 1858 1096 1919 debent

292 1958 392 2023 Plena
416 1967 573 2020 coronato
595 1968 680 2019 stare
706 1958 808 2020 boves
830 1957 948 2038 capite.

232 2058 348 2124 Omnia
370 2060 433 2121 sint
455 2069 587 2140 operata
610 2060 691 2131 deo;
715 2077 779 2120 non
799 2061 912 2122 audeat
933 2060 996 2123 ulla

292 2161 466 2223 Lanificam
488 2158 595 2239 pensis
617 2157 807 2240 imposuisse
831 2181 968 2222 uranum.
1304 2165 1348 2224 10

229 2265 301 2326 Vos
324 2282 453 2346 quoque
476 2263 587 2324 abesse
609 2261 725 2342 procul
745 2258 859 2337 iubeo,
884 2261 1023 2325 discedat
1050 2262 1192 2337 abaris,

292 2362 355 2426 Cui
376 2362 448 2424 tulit
470 2363 615 2427 hesterna
639 2360 754 2446 gaudia
777 2373 871 2424 nocte
894 2365 1019 2426 Venus.

229 2464 325 2528 Casta
347 2465 474 2548 placent
495 2463 647 2546 Superisa
670 2484 753 2545 pura
775 2485 844 2526 cum
868 2475 956 2527 veste
978 2467 1083 2531 uenite

206 2643 212 2648 ⁵
292 2568 336 2630 Et
356 2566 498 2628 manibus
521 2564 610 2648 puris
633 2564 744 2629 sumite
765 2565 865 2628 sontis
889 2587 1015 2650 aquam.

232 2667 383 2744 Cernite,
406 2668 568 2752 fulgentes
594 2679 627 2730 ut
649 2679 698 2729 ent
721 2688 811 2729 sacer
833 2687 933 2752 agneis
960 2670 999 2728 ad
1020 2688 1091 2730 aras
1307 2673 1349 2734 15

292 2770 476 2853 Vinctaque
499 2780 572 2851 post
595 2769 666 2832 olea
687 2766 816 2830 candida
839 2770 931 2832 turba
955 2789 1076 2832 comas.
1117 2827 1121 2834 .

228 2872 269 2934 Di
293 2869 409 2952 patrii,
433 2891 607 2954 purgamus
629 2890 726 2953 agros
736 2911 747 2944 ,¹
769 2890 943 2952 purgamus
965 2882 1130 2954 agrestes:

286 2955 365 3038 'Vos
387 2973 467 3033 mala
488 2973 526 3033 de
549 2970 667 3033 nostris
688 2969 795 3052 pellite
817 2969 987 3044 limitibns3

228 3076 301 3136 Neu
324 3093 417 3156 seges
440 3072 545 3134 eludat
568 3091 700 3134 messem
722 3069 887 3134 fallacibus
910 3073 1041 3147 herbis,

294 3175 365 3237 Neu
388 3173 495 3236 timeat
518 3173 638 3235 celeres
661 3171 784 3235 tardior
806 3192 888 3254 agna
910 3174 1017 3255 lupos.
1304 3179 1348 3239 20

229 3279 321 3338 Tunc
343 3272 458 3337 nitidus
478 3274 580 3356 plenis
603 3274 742 3339 confisus
764 3274 902 3337 rusticus
924 3275 1008 3358 agris

209 3527 211 3532 ,
280 3449 321 3524 62.
354 3449 460 3520 orantus
478 3501 487 3510 -
506 3501 515 3510 -
534 3489 618 3519 coenae
639 3483 692 3520 cum
710 3473 770 3518 cdd.
799 3476 830 3519 V.
852 3475 892 3517 W.
918 3475 946 3518 B.
970 3475 999 3518 L.
1025 3499 1058 3509 —
1076 3481 1181 3520 ornatus
1198 3500 1210 3512 κ
1229 3500 1239 3511 -
1257 3489 1347 3540 comos

227 3559 280 3590 carru
291 3546 346 3589 aliis
364 3546 394 3590 ll.
451 3542 493 3590 dl.
519 3543 571 3604 Quo
590 3545 649 3589 Cdd.
673 3545 715 3587 W.
731 3543 758 3586 B.
773 3542 801 3586 L.
820 3565 853 3576 -
871 3541 937 3601 Quoi
952 3545 980 3587 de
999 3542 1097 3588 Do'uzae
1117 3545 1227 3589 conuv.
1256 3567 1279 3576 -
1299 3539 1348 3591 cdv·

129 3604 130 3607 ’
227 3615 257 3658 u.
331 3611 584 3676 68.psrfluuer1·t
603 3613 719 3670 purique.
737 3612 779 3654 w.
804 3611 909 3656 urinas.
927 3613 956 3659 u.
976 3613 1006 3656 n.
1025 3612 1246 3675 -profluatatit
1266 3613 1346 3659 eoae.

226 3683 306 3730 Pucc„
320 3684 351 3728 V.
371 3682 400 3726 B.
423 3703 452 3714 -
468 3681 598 3744 praefluat
615 3682 657 3724 alii
676 3681 752 3726 Codd.
772 3679 871 3724 Mitsch.
886 3682 916 3724 ad
930 3681 1013 3726 llorat.
1032 3681 1061 3726 C.
1076 3679 1106 3737 4,
1128 3679 1157 3736 l,
1180 3679 1221 3727 10.
1242 3697 1347 3742 -per·

223 3752 297 3808 plaut
309 3751 392 3796 lleins.
406 3751 469 3794 coni.
492 3750 599 3795 Broulb.
613 3749 689 3804 llepn.

643 3858 698 3905 Lm.
719 3857 751 3901 ll.
788 3857 884 3902 ELEG.
904 3858 924 3901 1.

279 3951 388 4002 Tibullus
411 3953 441 3996 ad
466 3953 614 4007 praediolum
637 3966 706 3998 suum
732 3968 845 4000 reuersus
872 3966 985 4012 agrorum
1006 3958 1030 3998 et
1053 3952 1149 4009 frugum
1173 3953 1348 3997 lustrationem·

227 4035 249 4065 s.
269 4033 365 4065 sacrum
383 4019 518 4066 ambarvale
534 4022 651 4075 instituit,
682 4022 745 4079 quod
761 4024 848 4082 singuli
864 4022 1048 4078 patresfamilias
1069 4021 1093 4065 iu
1114 4021 1178 4065 arvis
1194 4018 1244 4066 suis
1263 4024 1345 4076 priva·

226 4090 270 4133 tim
296 4088 432 4132 celebrasse
459 4091 567 4134 videntur
582 4103 664 4136 meuse
679 4092 757 4146 Aprili
777 4094 810 4146 (v.
828 4094 900 4137 Voss,
919 4093 948 4135 ad
962 4092 1034 4148 Virg.
1055 4089 1101 4134 Ge.
1124 4085 1248 4145 1,³38:)
1283 4091 1345 4134 Fra-

226 4163 277 4201 tres
294 4170 351 4201 vero
371 4154 472 4201 Arvales
497 4158 555 4204 ΧΠ.
576 4153 703 4216 quotannis
722 4160 814 4214 publice
833 4159 979 4208 sacrificium
995 4158 1062 4204 Deae
1078 4158 1138 4203 Diae
1157 4157 1285 4214 (Cererisl
1302 4171 1346 4212 per

228 4225 333 4270 triduum
353 4223 521 4280 celebrabant,
554 4227 630 4283 XW,
663 4227 723 4272 xlv
741 4233 765 4272 et
783 4229 855 4274 xm.
875 4231 912 4274 vel
930 4228 1034 4283 V1‚,1v
1057 4232 1082 4272 et
1100 4226 1145 4271 lll.
1167 4227 1224 4272 Kal.
1245 4227 1298 4270 lun.
1318 4239 1342 4270 u.
