2948 4820
1193 222 1255 284 355

145 388 280 464 Purius,
306 359 450 466 Elysiuiu
473 384 572 469 magis
596 383 753 448 mirabere
775 379 874 447 solem

137 489 353 571 Cultoresqne
375 487 462 570 pios.
506 486 578 550 Illic
600 486 774 569 pretiosior
796 497 900 559 aetas,
1192 483 1254 549 285

134 591 244 656 Aurea
267 589 445 674 progenies
467 589 631 664 habitant,
656 608 845 672 semperque
868 597 1028 662 tenemus,

135 695 231 774 Quod
254 693 363 774 superi
385 711 530 754 meruere
552 690 669 765 aemel3
693 711 752 754 neo
774 688 882 753 mollia
899 691 1016 762 *desunt

134 796 233 858 Prata
255 793 324 858 tibi.
368 791 530 875 Zephyris
551 791 615 855 illic
637 791 822 854 melioribus
846 791 953 853 balant

135 895 289 978 Perpetui
310 895 428 970 flores,
453 915 535 976 quos
558 913 616 956 nee
637 903 690 956 tua
713 893 848 976 protulit
872 887 1002 958 Henna.
1061 893 1071 912 ¹

134 999 194 1060 Est
216 996 308 1060 etiam
331 995 409 1058 lucis
432 998 532 1058 arbor
553 995 723 1077 praedives
746 995 876 1076 opacis,
943 1057 945 1061 ,
1189 995 1252 1058 290

133 1099 309 1183 Fulgentes
331 1096 425 1160 viridi
447 1118 553 1161 ramos
577 1107 710 1158 enarrata
733 1097 885 1160 metallo:

135 1202 225 1263 Haec
247 1198 303 1262 tibi
324 1220 414 1262 sacra
437 1200 531 1261 datur
552 1197 814 1281 fortunatumque
837 1197 959 1260 tenebis

70 1345 85 1373 ,
132 1301 347 1366 Auctumnum
371 1312 403 1364 et
423 1299 523 1363 fulvis
545 1285 672 1381 semper
694 1285 843 1362 ditabere
858 1299 978 1381 potuis.

176 1404 285 1468 Parva
309 1403 440 1484 loquor.
485 1401 647 1485 Quidquid
670 1400 807 1486 liquidus
830 1399 1055 1482 complectitur
1077 1403 1153 1478 a‘e'r,

135 1503 297 1588 Quidquid
318 1503 374 1566 alit
395 1503 509 1580 tellus,
533 1502 687 1588 quidquid
709 1503 782 1566 salis
806 1523 945 1585 aequora
968 1515 1125 1580 verrunt,
1191 1502 1253 1568 295

134 1606 232 1687 Quod
253 1605 343 1668 fluvii
366 1605 518 1681 volvunt,
548 1607 635 1689 quod
657 1605 821 1669 nutrivere
843 1604 998 1686 paludes,
1062 1623 1065 1634 ’

135 1707 259 1773 Cuncta
282 1700 343 1771 tui's
365 1707 488 1790 pariter
509 1709 624 1770 cedent
647 1706 790 1768 animalia
812 1705 942 1791 reguis,

134 1807 258 1873 Lunari
280 1809 422 1872 subiecta
446 1808 567 1892 globo,
592 1807 646 1892 qui
668 1809 819 1890 septimus
843 1830 937 1871 attras

133 1908 247 1976 Ambit
268 1921 300 1974 et
323 1909 459 1975 aeternis
482 1909 629 1973 mortalia
651 1921 778 1990 separat
802 1911 909 1974 astris.

134 2014 201 2076 Sub
224 2023 277 2074 tua
299 2011 456 2095 purpurei
472 2011 606 2075 uenient
630 2011 764 2094 vestigia
788 2033 904 2096 reges,

133 2113 296 2197 Deposito
318 2114 414 2191 luxu,
439 2114 532 2177 turba
555 2109 625 2175 cuin
647 2134 787 2195 paupere
810 2114 913 2178 mixti.

135 2215 250 2281 Omnia
274 2236 361 2278 mors
384 2225 514 2300 aequat.
559 2217 610 2278 Tu
633 2217 815 2278 damnatura
840 2228 1009 2294 nocentes,

134 2320 188 2381 Tu
209 2315 352 2410 requiem
374 2317 477 2380 latura
500 2315 582 2400 piis:
605 2330 637 2381 te
660 2318 762 2381 iudice
784 2330 893 2381 sontes

132 2414 288 2496 Improba
310 2423 469 2498 cogentur
492 2415 575 2479 vitae
597 2416 762 2479 commissa
785 2416 893 2479 lateri.

132 2513 256 2597 Accipe
278 2516 425 2590 Lethaeo
446 2515 581 2580 famulas
604 2538 674 2581 cum
698 2517 828 2602 gurgite
850 2520 988 2596 Parcas;
1018 2561 1022 2568 -
1191 2520 1252 2584 305

135 2616 184 2680 Sit
203 2616 305 2682 fatum
327 2619 541 2703 quodcunque
564 2620 668 2683 voles.
691 2650 732 2664 -

583 2871 805 2886 ffl-

336 3131 382 3206 T.
421 3131 787 3210 CALPURNII
827 3134 1054 3212 SICULI

446 3344 745 3413 ECLOGA
787 3347 972 3448 vl119

464 3729 695 3808 TlMETAS,
720 3732 935 3797 TITYRUS.

174 3863 272 3948 Tun,
311 3865 396 3930 Dum
421 3867 536 3930 fiscella
559 3869 618 3932 tibi
640 3869 780 3946 fluviali,
806 3871 935 3951 Tityre,
963 3871 1060 3936 iunco

12 4001 13 4008 κ
134 3965 273 4030 Texitur
295 3981 325 4032 et
348 3970 453 4032 rattcis
475 3982 627 4035 resonant
650 3984 701 4036 tua
724 3994 799 4036 rura
823 3973 956 4051 cicadis,
1076 4017 1078 4021 ,

132 4068 263 4152 Incipe,
287 4071 314 4134 si
337 4075 424 4155 quod
447 4074 544 4137 habes
566 4074 680 4160 gracili
703 4079 762 4137 sub
787 4077 936 4139 arundine
961 4099 1087 4141 carmen

135 4171 374 4255 Coruposituut.
420 4178 502 4239 Nam
527 4187 557 4240 te
581 4182 719 4241 calaruos
743 4178 852 4241 inflare
875 4180 991 4243 labello

134 4278 205 4340 Pau
232 4278 344 4350 docuit¹
364 4301 523 4363 versuque
547 4284 649 4347 bonus
672 4280 730 4347 tibi
750 4281 831 4348 lavit
854 4283 990 4365 Apollo.
