2952 4826
109 393 173 456 Sed
195 400 281 454 casta
298 389 418 454 inceste
439 388 578 454 nubendi
594 399 740 473 tempore
761 387 795 452 in
818 387 891 473 ipso

107 492 228 558 Hostia
247 491 433 557 concideret
451 503 588 556 mactatu
610 503 726 557 maesta
748 491 906 576 parentis,

108 595 281 660 Exitusnt
302 594 396 658 classi
414 593 495 658 felix
515 594 700 680 faustusque
723 598 863 660 daretur.

22 693 24 708 '
108 704 249 764 Tantum
270 696 389 782 religio
410 695 516 780 potuit
536 701 667 761 suadere
689 698 863 763 malorum!

22 793 23 796 ¹
174 803 322 864 Tutemet
341 822 358 862 a
379 797 474 864 nobis
495 798 558 862 iam
580 799 697 885 quovis
719 810 882 883 tempore,
907 811 1012 865 vatum

108 901 318 988 Terriloqnis
341 900 444 965 victus
465 901 576 978 dictis,
600 901 778 966 desciscere
800 925 946 988 quaeres.

109 1005 242 1087 Quippe
266 1004 495 1089 etenimquam
519 1005 615 1067 multa
637 1003 697 1068 tibi
716 1004 779 1068 iam
800 1007 924 1090 fingere
946 1025 1076 1088 possum

109 1107 262 1182 Somnia,
284 1128 363 1190 quae
386 1105 471 1170 vitae
492 1107 633 1171 rationes
653 1119 785 1172 vortere
806 1108 931 1190 possint

109 1213 338 1294 Fortunaeque
358 1220 426 1271 tuas
449 1208 724 1274 omneisturbare
745 1210 878 1275 timore!

22 1365 23 1378 .
110 1315 158 1376 Et
180 1311 312 1375 merito:
338 1333 408 1373 nam
430 1310 459 1375 si
480 1323 598 1375 certam
617 1314 712 1376 finem
735 1333 803 1375 esse
821 1312 967 1376 viderent

22 1421 24 1440 ³
111 1417 345 1479 Aerumnarum
367 1413 529 1489 homines,
553 1413 657 1499 aliqua
677 1413 804 1478 ratione
826 1416 968 1478 valerent

113 1515 460 1600 Religionibusatque
482 1515 574 1578 minis
597 1515 754 1580 obsistere
776 1527 901 1580 vatum:

112 1621 211 1682 Nune
233 1617 316 1682 ratio
339 1618 455 1681 nullast
474 1618 632 1694 restandi,
655 1619 741 1682 nulla
763 1619 917 1695 facultas,

112 1725 274 1786 Aeternas
296 1719 445 1805 quoniam
467 1742 587 1802 poenas
608 1721 641 1785 in
665 1734 769 1787 morte
788 1722 972 1788 timendum.

112 1824 292 1906 Ignoratur
315 1820 413 1898 enim,
437 1846 517 1908 qnae
535 1823 577 1887 sit
598 1835 710 1887 natura
733 1825 864 1902 animai;

114 1928 202 1990 Nata
224 1925 281 2001 sit,
305 1945 343 1987 an
367 1938 478 1990 contra
502 1925 703 1990 nascentibus
722 1925 914 2003 insinuetur3

116 2030 163 2092 Et
180 2026 272 2090 simul
294 2027 428 2100 intereat
451 2028 618 2093 nobiscum
640 2041 743 2094 morte
768 2029 940 2113 dirempta,

115 2133 171 2195 An
192 2134 339 2194 tenebras
362 2130 443 2196 Orci
462 2130 545 2195 visat
567 2142 734 2216 vastasque
756 2132 903 2208 lacunas;
928 2170 931 2175 ·

118 2236 174 2298 An
194 2236 333 2315 pecudes
353 2232 431 2296 alias
451 2231 602 2296 divinitus
625 2232 763 2298 insinuet
783 2257 833 2312 se,

116 2335 241 2400 Ennius
263 2347 298 2398 ut
317 2348 427 2400 noster
453 2336 585 2413 cecinit,
608 2336 664 2422 qui
684 2337 807 2419 primns
831 2359 968 2403 amoeno

116 2437 242 2502 Detulit
260 2461 301 2501 ex
322 2437 482 2503 Helicone
505 2439 638 2522 perenni
655 2440 774 2505 froude
797 2463 968 2517 coronam,

119 2543 187 2605 Per
208 2539 331 2626 genteis
350 2540 448 2604 Italas
468 2541 633 2618 hominum
656 2564 736 2627 quae
755 2543 841 2606 clara
861 2544 995 2608 clueret.
1175 2544 1235 2604 190

120 2641 195 2706 Etsi
216 2654 381 2725 praeterea
399 2655 502 2706 tamen
521 2665 588 2707 esse
608 2644 787 2707 Acherusia
805 2645 923 2730 templa

122 2743 246 2808 Ennius
265 2745 401 2810 aeternis
422 2745 557 2828 exponit
576 2744 721 2810 versibus
743 2750 855 2824 edens,

123 2848 318 2934 Quousque
339 2861 527 2932 permanent
550 2849 670 2913 animae
692 2871 794 2936 neque
817 2872 960 2934 corpora
981 2864 1109 2928 nostra,

123 2953 186 3014 Sed
206 2953 360 3035 quaedam
382 2950 550 3016 simulacra
574 2952 677 3017 modis
697 2952 848 3036 pallentia
872 2953 981 3019 miris:

124 3055 216 3118 Unde
235 3055 296 3118 sibi
319 3067 465 3120 exortam
486 3077 611 3138 semper
629 3055 775 3120 florentis
798 3057 937 3122 Homeri
1177 3059 1237 3122 195

127 3283 168 3331 93.
187 3282 218 3335 Δ.
237 3286 349 3330 subnixo
370 3287 485 3344 probante
504 3289 547 3332 W.
566 3301 591 3343 p.
614 3284 671 3333 191.
691 3287 815 3332 reiiciente
834 3301 858 3342 p.
880 3284 938 3335 383.
983 3285 1024 3334 96.
1044 3286 1080 3332 ad
1096 3286 1179 3346 droun]
1201 3290 1239 3333 Sic

126 3357 193 3400 Gott.
236 3357 361 3401 Muterunt
383 3357 487 3402 fortasse
512 3356 547 3401 sd
570 3370 632 3401 arde
650 3357 697 3409 (C.
717 3357 748 3401 E.
771 3355 869 3415 Vulgo.)
888 3373 899 3402 e
918 3371 941 3402 v.
963 3354 1004 3402 90.
1048 3359 1094 3402 Sed
1112 3361 1196 3413 po'o'tae
1216 3361 1239 3401 in

126 3426 213 3470 talibus
236 3429 331 3472 variare
350 3433 438 3471 sinent.
490 3424 549 3472 101.
570 3425 682 3471 Tutemet
700 3451 710 3462 ·
729 3450 739 3462 -
757 3423 875 3484 puderse]
896 3427 1040 3480 „Facillime
1059 3428 1168 3482 profecto
1186 3425 1240 3470 fieri

125 3499 220 3550 potest,
244 3501 269 3538 nt
287 3501 334 3541 tute
353 3499 432 3552 primo
451 3509 545 3554 quoque
564 3502 670 3552 ternpore
689 3496 787 3540 anobis
806 3497 940 3540 desciscens
959 3496 1069 3541 relabere
1088 3498 1111 3541 ln
1131 3497 1240 3552 srrtiquos

128 3573 242 3617 errores;
261 3569 308 3607 tem
326 3567 454 3610 irradicats
473 3571 510 3610 est
528 3567 668 3620 superstitio
687 3567 710 3610 in
729 3565 848 3608 mentibus
861 3567 933 3609 etiam
944 3566 1089 3617 optimorum
1102 3566 1239 3618 hominuiu;

129 3635 219 3674 tantam
242 3632 265 3674 in
289 3647 371 3678 ornnes
391 3642 488 3680 exercet
508 3636 664 3690 potentiarn.”
699 3635 752 3679 Non
772 3640 809 3680 est
825 3635 1002 3693 interrogatio,
1030 3636 1072 3678 sed
1090 3635 1239 3690 conquestio.

129 3697 189 3746 105.
207 3709 313 3757 possunt
330 3706 360 3748 Α.
379 3729 411 3738 —-
430 3705 472 3764 qui
489 3707 567 3750 multa
585 3705 630 3751 tibi
647 3704 791 3768 confingere
808 3711 915 3762 possunt
930 3705 960 3748 B.
1008 3700 1067 3748 108.
1086 3702 1120 3748 Et
1136 3704 1239 3755 merito,

125 3777 152 3818 et
171 3785 229 3815 sane
244 3771 314 3816 aliter
332 3771 384 3818 fieri
402 3775 497 3832 nequit,
518 3775 563 3820 nisi
577 3781 601 3820 nt
613 3777 796 3830 superstitiones
808 3777 867 3818 istae
881 3775 966 3818 timore
985 3773 1093 3817 homines
1112 3775 1243 3830 percellant

126 3857 155 3886 ae
168 3856 250 3886 veram
260 3840 428 3888 beatitudinem
438 3847 498 3890 vitae
511 3846 608 3891 turbent
618 3851 665 3890 cet.
680 3846 724 3889 etr.
742 3845 842 3902 Forbig.
863 3842 978 3888 restandi
989 3843 1006 3886 i.
1019 3857 1040 3887 e.
1055 3844 1192 3889 resistendi.
1203 3845 1239 3887 lb.

127 3917 222 3956 certam
247 3912 278 3957 G.
306 3911 335 3956 C.
362 3912 393 3957 E.
412 3913 457 3957 Ed.
477 3917 545 3961 Brix.
585 3938 613 3950 -·
652 3919 747 3957 certum
766 3915 825 3958 Ver.
845 3915 908 3958 Ven.
927 3913 973 3956 Av.
992 3911 1022 3956 A.
1074 3911 1132 3958 112.
1152 3927 1242 3977 τιμω-

128 3981 194 4051 ρίας
210 3979 373 4046 φοβητέον.
401 3981 507 4030 timendo
526 3985 556 4032 G.
592 3985 707 4027 Fortasse
732 3981 805 4026 Lucr.
831 3983 882 4038 ipse
911 3981 1043 4037 scripserat
1070 3982 1240 4029 timendumet.

130 4048 187 4096 115.
203 4059 336 4112 perempta
354 4052 456 4098 Creeeh.
512 4051 571 4098 118.
591 4052 683 4097 Ennius
705 4065 745 4106 ap.
764 4052 861 4096 Charis.
876 4051 896 4096 1.
911 4065 935 4107 p.
951 4049 991 4096 75.
1012 4051 1043 4097 P.
1063 4053 1165 4098 mernisti
1178 4051 1243 4116 fieri

128 4135 166 4164 me
181 4135 283 4179 pnsum.
302 4124 339 4167 ld.
353 4137 393 4179 ap.
406 4123 458 4168 Cic.
477 4124 553 4169 Aead.
572 4120 602 4179 2,
624 4118 665 4166 16.
704 4118 781 4165 Visus
798 4118 922 4166 Homerus
940 4119 1030 4166 adem
1046 4121 1130 4179 poete.
1156 4123 1240 4168 Horat.

127 4191 174 4245 Ep.
188 4188 212 4235 2.
228 4191 257 4246 1,
272 4191 314 4237 50.
333 4194 406 4238 Pers.
421 4191 446 4238 6.
468 4190 497 4238 10
507 4224 514 4248 ‚
536 4190 594 4236 121.
613 4191 704 4236 Ennius
723 4204 762 4247 ap.
782 4192 918 4235 Varronem
931 4191 960 4236 L.
973 4185 1004 4236 ¹1..
1020 4189 1049 4246 6,
1064 4206 1088 4248 p.
1102 4189 1145 4236 81.
1165 4189 1241 4236 Ache·

129 4261 202 4303 rusia
218 4263 325 4318 templa,
345 4264 398 4306 ulta
410 4261 486 4316 Orci,
505 4262 612 4316 salvete,
632 4257 727 4320 insere.
767 4256 825 4306 123.
845 4261 881 4309 lta
900 4263 959 4309 Ver.
970 4261 1033 4308 Ven.
1048 4261 1092 4308 At.
1106 4261 1136 4309 Α.
1151 4267 1198 4307 eet.
1211 4282 1241 4294 -

125 4337 292 4386 permaneant
304 4331 334 4377 G.
349 4333 378 4378 C.
390 4332 420 4378 t.
432 4331 500 4376 Brix.
520 4351 556 4369 ι-
568 4332 718 4391 pervenient
728 4332 786 4376 Pius
800 4332 877 4377 solus.
