2948 4820
4 2 11 52 l

2 209 9 460 l

130 483 281 552 Carmine
302 485 462 569 perplexo
484 495 589 552 vatem
612 485 739 552 virtutis
762 489 940 554 Homerum

192 592 362 652 Vexarunt
384 589 495 672 pueri,
519 611 601 674 qrros
625 592 800 670 generavit·
814 595 882 656 los.

131 692 272 754 Nectare
294 693 350 754 scd
370 713 455 773 puro
478 713 597 773 corpus
621 694 776 756 Nereides
799 707 927 757 unctum

195 792 350 875 Contigui
373 793 508 874 scopulo
531 815 731 874 supposuere
755 795 869 858 maris:

2 974 5 998 ν
116 895 230 974 ΩιιοιΙ
253 894 368 957 Thetin
392 905 423 957 et
446 895 602 957 Thetidos
624 907 729 959 natum
753 908 784 959 et
805 896 953 978 patientis
976 896 1065 962 Ulixi

194 998 336 1060 Errorcs
359 995 471 1058 cecinit
493 997 640 1080 laetaque
664 998 747 1060 clara
772 1001 897 1063 durum.

132 1097 178 1161 Sit
202 1119 265 1160 non
289 1118 401 1179 magna
425 1097 516 1174 licet,
541 1097 618 1160 lelix
642 1099 697 1162 los
720 1100 819 1162 insula
842 1101 952 1182 ponti,

196 1201 362 1263 Musarum
387 1197 471 1263 sidus
494 1221 575 1283 qrrae
599 1201 677 1284 tegit
699 1213 731 1265 ct
753 1203 933 1266 Venenum.
1045 1193 1048 1200 ¹

662 1387 715 1450 13.

131 1507 179 1571 Os
202 1526 370 1588 maguum,
394 1507 481 1589 quod
505 1506 609 1568 Suada
632 1506 693 1569 luit
717 1506 923 1580 mortalibus,
948 1526 1056 1570 orsum
1111 1569 1113 1576 ,

194 1608 389 1670 Maeonidae
411 1608 518 1671 Musis
541 1631 639 1691 acqua
664 1631 779 1688 sonare
802 1621 915 1690 caput,

131 1709 197 1772 Hic
219 1709 251 1771 in
275 1710 313 1770 lo
335 1708 443 1793 pelagi
464 1711 615 1791 scopulus
637 1721 740 1793 tcgo:
764 1733 833 1775 uam
856 1731 948 1772 saccr
971 1710 1023 1772 ille

194 1810 332 1891 Spiritus
355 1811 436 1872 haud
460 1811 518 1874 alia
543 1814 682 1874 membra
705 1812 833 1896 reliquit
855 1813 977 1885 hnmo;

131 1911 206 1990 Quo
229 1922 337 1973 nutum
360 1911 474 1974 cecinit
496 1913 587 1982 Iovis
610 1923 642 1974 et
664 1914 810 1976 caelestia
833 1913 969 1995 templa,

195 2014 297 2076 Aiace
319 2025 350 2075 et
370 2024 454 2076 tutes
476 2013 601 2077 vindice
623 2015 706 2078 mille
729 2028 826 2078 rates.

131 2115 175 2176 Et
197 2115 251 2198 qui
273 2114 454 2178 Dardanios
477 2114 664 2197 permiscuit
687 2117 814 2180 ossibus
839 2137 936 2202 agros

194 2217 317 2279 Vectus
339 2215 370 2278 in
392 2217 571 2279 Aematlriis
594 2219 720 2280 Hector
743 2218 878 2280 Achillis
901 2217 1003 2300 equis.
1127 2249 1129 2254 ·
1154 2236 1157 2242 ·

128 2318 199 2380 Nec
223 2338 322 2400 grave
345 2317 415 2391 dic,
441 2328 560 2380 tantum
584 2317 706 2381 tantilla
729 2322 816 2402 quod
840 2319 941 2382 insula
965 2321 1086 2384 condo:

193 2421 301 2482 Parva
323 2417 426 2483 virum
451 2419 607 2484 'l'hetidos
629 2420 677 2483 sic
698 2420 844 2503 sepelivit
866 2422 954 2486 lcos.

664 2589 717 2652 11.

130 2703 274 2789 Magnus
298 2707 463 2770 Homerus
485 2706 538 2770 hic
559 2717 627 2782 est,
651 2707 740 2770 cuius
763 2708 903 2791 sapiente
927 2707 1067 2774 Camena

196 2809 365 2889 Splendida
389 2796 577 2890 perpetuum
602 2810 737 2873 Graecia
761 2831 875 2875 nomen
898 2813 1010 2887 habet3

131 2909 216 2993 Argi
238 2909 429 2992 praecipue,
454 2932 591 2994 quornm
615 2911 648 2973 vi
669 2911 773 2973 diruta
795 2924 931 2995 propter

196 3012 360 3090 Tyndarin
382 3011 435 3080 illa
459 3011 525 3074 dcis
548 3012 674 3075 condita
698 3012 798 3076 Troia
821 3014 922 3088 iacet;

131 3111 242 3196 Atque
266 3115 310 3176 ob
331 3112 363 3174 id
385 3124 557 3196 aequantes
578 3113 666 3177 illurn
688 3114 879 3177 caelestibus
901 3115 989 3179 urbis

194 3212 341 3276 Exiuriae
363 3212 449 3278 circs
472 3215 536 3278 hoc
557 3236 696 3298 posuere
718 3216 807 3280 loco.

662 3383 716 3446 15.

131 3500 228 3581 Ipsae
244 3487 281 3562 'te
304 3499 402 3564 rncrlia
425 3499 572 3575 viderunt
594 3500 665 3565 luce
687 3501 868 3578 Camenae,

195 3602 358 3679 Hesiode,
382 3601 414 3664 in
437 3624 559 3666 summo
582 3623 716 3685 pascere
739 3613 846 3666 monte
868 3625 986 3686 pecus,

92 3757 101 3778 ,
132 3701 375 3788 Carpentesque
397 3724 486 3766 sacra
508 3704 661 3785 Daphnes
684 3725 725 3766 ex
748 3706 868 3769 arbore
890 3727 1011 3769 ramum

197 3803 359 3868 Vestitum
383 3797 477 3870 viridi
498 3807 614 3870 fronde
636 3808 752 3870 dedere
774 3805 850 3884 tibi,

272 4073 449 4134 llnmorernque
469 4077 578 4131 alinum,
598 4078 742 4123 Parnassus
762 4077 912 4134 llippoerene

307 4145 359 4200 ero
377 4145 450 4198 lluit,
470 4146 554 4203 aligeri
573 4146 627 4190 tons
647 4150 705 4200 pede
724 4152 809 4200 ruptus
828 4148 892 4202 equi.

274 4212 339 4257 llaec
359 4215 479 4270 tolerunt;
499 4219 566 4257 autur
584 4217 620 4258 his
640 4216 768 4268 cecinisti,
789 4227 874 4272 magne
894 4217 983 4268 potta,

310 4282 378 4340 Quod
395 4295 471 4342 genus
489 4283 603 4330 cattinis
622 4285 732 4341 qnodque
751 4297 813 4341 opus
830 4283 954 4342 agricolis.
