2964 4814
241 252 304 315 100

240 407 359 474 Mollia
378 409 511 470 nudatae
536 403 701 469 tollentem
723 399 864 486 tegmina
886 421 998 464 surae:

240 519 351 601 Atque
374 514 454 574 haec
476 505 627 572 extremis
648 516 798 568 maestam
822 501 941 567 dixisse
962 501 1120 589 querelis,

240 615 431 701 Frigidulos
454 614 518 674 udo
542 609 699 692 singultus
723 629 781 671 ore
805 606 960 670 cientem:

242 769 257 797 „
271 717 397 785 Siccine
421 737 470 780 me
488 711 601 795 patriis
622 719 783 785 avectam,
806 710 946 792 perlida,
971 709 1011 771 ab
1029 707 1114 783 oris,

241 824 391 896 Perlide,
415 822 542 882 deserto
559 812 682 900 liquisti
698 811 731 876 iu
752 812 866 888 litore,
891 809 1043 875 Theseu?

242 923 372 990 Siccine
394 903 559 984 discedens
582 916 731 1000 neglecto
755 914 881 978 numine
904 913 1032 990 divom,

242 1029 417 1094 Immemor
435 1024 494 1085 ah!
521 1022 638 1084 devota
662 1019 790 1081 domum
809 1015 950 1098 periuria
972 1015 1108 1098 portas?

241 1129 381 1194 Nullane
401 1147 453 1189 res
472 1121 578 1207 potuit
602 1119 740 1184 crudelis
759 1119 890 1182 flectcre
912 1117 1027 1181 mentis

246 1228 449 1297 Consilium?
471 1223 531 1288 tibi
554 1223 638 1287 nulla
661 1221 722 1286 suit
741 1221 907 1284 clementia
929 1232 1076 1303 praesto,

241 1332 369 1398 Immite
389 1341 424 1392 ut
446 1327 548 1392 nostri
568 1326 665 1389 vellet
687 1324 891 1388 miserescere
913 1323 1050 1405 pectus?

241 1438 288 1500 At
310 1454 375 1498 nou
397 1434 476 1495 haec
494 1431 656 1515 quondam
678 1425 772 1491 uobis
794 1423 954 1508 promissa
980 1423 1094 1488 dedisti

241 1540 359 1611 Voce;
383 1532 460 1596 mihi
483 1554 548 1595 non
567 1534 631 1594 hoc
654 1528 786 1592 miserae
809 1549 940 1609 sperare
957 1527 1106 1603 iubebas,

242 1642 307 1703 Sed
331 1634 490 1701 connubia
507 1633 606 1708 laeta,
630 1635 687 1694 sed
705 1642 834 1713 optatos
856 1631 1069 1710 hymenaeos:

242 1742 333 1822 Quae
357 1748 470 1802 cuncta
495 1734 577 1798 ae'rii
601 1734 785 1814 discerpunt
806 1729 898 1794 irrita
921 1732 1021 1795 venti.

241 1845 338 1907 Nunc
359 1840 421 1904 iam
442 1838 527 1902 nulla
550 1835 624 1899 viro
647 1833 764 1897 iuranti
782 1832 900 1898 femina
922 1838 1049 1910 credat,

241 1944 340 2008 Nulla
360 1940 424 2004 viri
445 1951 553 2023 speret
575 1958 737 2002 sermones
759 1959 827 2001 esse
845 1936 968 2000 fidelis:

241 2046 324 2127 Quis
345 2049 417 2106 dum
440 2041 563 2126 aliquid
584 2039 714 2122 cupiens
737 2038 860 2101 animus
879 2037 1057 2123 praegestit
1078 2038 1195 2122 apisci,

240 2146 300 2211 Nil
321 2156 463 2208 metuunt
483 2143 607 2218 iurare,
631 2141 710 2204 nihil
732 2141 925 2223 promittere
947 2153 1104 2223 parcunt:

242 2251 307 2313 Sed
330 2247 420 2311 simul
442 2270 480 2310 ac
501 2243 635 2327 cupidae
656 2244 768 2308 mentis
788 2242 900 2308 satiata
918 2243 1020 2308 libido
1041 2256 1105 2322 est,

240 2350 340 2416 Dicta
362 2348 443 2412 nihil
465 2359 620 2422 metuere,
643 2346 723 2408 nihil
744 2345 886 2427 periuria
909 2358 1034 2410 curant.

233 2436 341 2518 'Certe
362 2473 425 2534 ego
443 2462 474 2514 te
494 2449 527 2514 in
548 2447 654 2512 medio
674 2458 853 2511 versantem
871 2447 1000 2512 turbiue
1021 2449 1076 2513 leti

240 2552 359 2637 Eripui
381 2564 413 2616 et
433 2551 542 2635 potius
566 2571 750 2635 germanum
774 2549 918 2613 amittere
942 2549 1049 2626 crevi,

242 2657 346 2737 Quam
367 2654 427 2718 tihi
447 2653 557 2740 fallaci
579 2673 728 2735 supremo
750 2650 783 2714 in
805 2663 951 2734 tempore
974 2655 1127 2717 deessem.

241 2761 312 2824 Pro
334 2779 400 2844 quo
423 2753 626 2820 dilaceranda
646 2753 725 2819 ieris
747 2756 851 2818 dabor
874 2753 1066 2840 alitibusque

240 2861 368 2925 Praeda
389 2881 491 2944 neque
511 2857 628 2922 iniecta
647 2855 831 2920 tumulabor
854 2867 980 2920 mortua
1004 2869 1105 2924 terra.

297 3063 355 3114 133.
376 3068 431 3113 cria
444 3069 615 3114 VossAEurm.
667 3064 725 3114 139.
745 3067 911 3112 suiset-escere
923 3068 994 3114 Aldd.
1008 3069 1040 3114 al.
1061 3069 1087 3114 ln
1099 3069 1162 3115 Mes.
1175 3071 1278 3117 lectione
1288 3073 1360 3117 mtte-

240 3153 311 3184 scere
324 3140 412 3183 misere
429 3151 483 3183 sese
497 3143 609 3195 torquent
619 3137 679 3182 Edd.
691 3139 762 3182 modo
778 3151 841 3198 ergo
855 3140 992 3194 supplentes
1007 3141 1036 3184 ad
1048 3153 1071 3183 v.
1085 3140 1168 3184 nostri
1179 3138 1276 3198 (Voss.)
1286 3144 1358 3186 modo

239 3214 406 3254 construentes
414 3213 505 3265 pectus
517 3209 599 3252 nostri
612 3208 636 3253 h.
652 3221 675 3252 e.
689 3211 708 3253 si
722 3209 774 3252 Diis
785 3209 877 3263 placet,
897 3221 961 3268 erga
973 3221 1029 3253 nos.
1047 3209 1146 3266 (Doer.)
1161 3213 1232 3255 modo
1251 3207 1362 3256 monstri

238 3279 403 3323 coniicientes.
421 3275 510 3335 (Scal.)
553 3273 610 3323 110.
631 3277 671 3322 Sic
688 3278 775 3333 scripsi
794 3292 855 3322 nnnc
873 3292 927 3322 cum
945 3278 1061 3334 Lachm.;
1080 3293 1140 3336 quae
1160 3281 1230 3324 lectio
1249 3283 1358 3326 excusari

238 3351 324 3392 saltem
343 3353 435 3404 potest:
466 3361 521 3391 uam
539 3353 565 3392 ut
577 3348 730 3406 'frequentius
749 3348 869 3392 invenitur
887 3347 990 3402 timere,
1016 3353 1125 3392 ructuare
1142 3349 1235 3404 alicui,
1258 3351 1292 3394 sie
1312 3352 1358 3396 dici

237 3423 317 3473 potest
334 3420 407 3462 etiarn
424 3431 530 3476 sperare
547 3418 627 3461 olicna'
638 3416 749 3477 aliquid,
769 3420 843 3460 immo
857 3421 946 3460 certum
960 3417 1011 3461 eius
1025 3420 1210 3462 constructionis
1223 3421 1359 3476 exemplum

237 3493 316 3534 exstat
334 3489 395 3543 apud
414 3487 466 3532 Cic.
479 3488 509 3530 ad
521 3489 593 3532 Attio.
611 3489 639 3541 1,
656 3484 697 3531 13.
716 3501 732 3529 a
750 3499 796 3545 quo
813 3483 879 3530 ntttt
895 3499 984 3542 apem
996 3485 1054 3530 bont
1065 3487 1230 3544 reipublicae
1247 3486 1355 3547 (datin).

237 3556 368 3603 Ordinabis
387 3558 476 3617 igitur:
506 3571 572 3611 „non
592 3554 690 3600 iubebas
709 3568 808 3610 sperare
827 3555 872 3598 hoe
891 3555 949 3599 mihi
968 3557 1097 3601 ruiseras.''
1124 3560 1294 3603 Verumtamen
1314 3573 1357 3604 ne·

235 3629 289 3686 gari
307 3629 389 3686 nequit
406 3627 489 3670 durius
509 3626 554 3669 hoc
573 3639 626 3668 esse
646 3639 688 3668 nec
706 3630 799 3682 gratam
818 3624 841 3668 h.
858 3626 874 3668 l.
895 3625 1051 3669 variationem
1064 3625 1136 3671 nodis
1149 3625 1176 3684 l(
1188 3625 1260 3672 milti.
1280 3627 1356 3672 Prae-

236 3702 303 3743 terea
316 3697 376 3742 Gdd.
391 3697 450 3752 aliq.
464 3699 488 3738 et
499 3695 545 3737 Ed.
559 3706 597 3748 pr.
614 3693 719 3738 hahent:
739 3693 771 3738 At
788 3703 838 3737 non
855 3691 917 3736 trec
935 3694 1059 3754 quondam
1077 3695 1149 3740 nodia
1164 3698 1296 3754 promisse
1314 3696 1357 3742 de-

236 3764 298 3811 disti
317 3764 381 3810 Voce
400 3762 472 3818 matt,
491 3776 542 3807 uon
559 3763 621 3816 (nec
639 3763 680 3806 atti
693 3761 786 3816 codd,
808 3765 840 3807 uti
853 3765 927 3808 Voss.
945 3777 958 3810 e
974 3765 1035 3808 Mss.
1050 3763 1152 3822 Statiiz)
1171 3763 1217 3810 doc
1234 3767 1357 3811 miserum

234 3849 340 3893 sperare
358 3831 477 3878 iubebas:
506 3830 560 3876 fieri
579 3846 640 3876 nunc
659 3837 751 3888 potest,
783 3836 822 3887 ut,
850 3833 913 3891 quod
933 3847 977 3890 pro
996 3838 1062 3878 certo
1082 3849 1126 3893 ego
1146 3835 1206 3884 cut.
1227 3837 1354 3880 destitutus

234 3902 355 3949 affirmare
375 3917 422 3946 non
441 3915 518 3959 queo,
547 3902 619 3947 etiarn
637 3902 736 3946 Lachm.
756 3902 842 3957 lectio,
868 3917 939 3960 quam
957 3903 1068 3958 exhibui,
1089 3905 1158 3948 huius
1177 3905 1209 3948 sit
1226 3905 1356 3952 arbitraria

234 3975 356 4018 dumtaxat
374 3974 495 4018 correctio
514 3971 727 4029 necsatisleli13
756 3972 801 4016 hoe
824 3978 917 4018 certum
941 3977 992 4027 est,
1019 3973 1050 4016 als
1068 3973 1123 4018 aliis
1141 3975 1202 4018 haud
1220 3975 1314 4034 ingrata
1332 3980 1358 4020 et

233 4057 290 4088 rere
308 4044 368 4087 Itala
387 4043 584 4098 interpolatione,
616 4044 703 4097 petita,
733 4042 757 4086 ni
781 4042 854 4086 fallor
878 4055 908 4088 ex
925 4041 1034 4086 Enniano
1058 4043 1101 4087 illo
1119 4055 1144 4099 p.
1162 4041 1221 4089 124.
1242 4045 1313 4089 lless.
1333 4051 1357 4090 et

233 4111 327 4157 blanda
336 4125 393 4157 soce
402 4111 518 4157 vocabam
527 4144 541 4166 ‚,
553 4117 649 4156 servato
665 4111 749 4165 nobis,
771 4113 831 4156 unde
846 4113 976 4156 hauserunt
984 4113 1187 4174 lnterpolatores,
1202 4127 1216 4157 ι
1226 4113 1354 4167 Cicerone,

234 4181 358 4228 exhiberi:
378 4180 503 4242 quondam
514 4179 607 4226 blando
616 4182 747 4239 promissa
758 4179 853 4225 dedisti
871 4179 935 4226 Voce
948 4179 1011 4225 mitt
1018 4195 1029 4236 ,·
1047 4195 1097 4226 non
1108 4179 1154 4227 hoe
1167 4183 1288 4227 miserum
1301 4180 1355 4241 (sic

230 4251 504 4297 Aldd.Gnar.lt1itsch.
519 4252 592 4310 cing.
607 4251 697 4310 sttttg.)
717 4251 830 4296 litardius
848 4251 952 4296 loruase
967 4251 1003 4296 sie
1014 4252 1167 4298 scribendum
1177 4258 1245 4298 erat:
1263 4252 1355 4298 Atnun

230 4319 293 4369 tuoe
312 4322 452 4384 quondam,
478 4322 561 4378 nosti,
579 4321 710 4380 promissa
727 4318 821 4366 dedisti
840 4317 905 4367 Voce
922 4319 1002 4376 milen
1025 4333 1075 4368 non
1092 4320 1138 4368 hoc
1156 4322 1279 4369 miserem
1296 4335 1353 4382 sps·
