2946 4816
117 380 176 442 Me
200 377 259 440 tibi
280 376 447 458 supposui.
494 379 639 441 'seueros
662 389 695 440 tu
718 377 851 459 suscipis
875 399 973 443 annos

117 480 306 554 Socratico,
332 477 500 554 Cornute,
526 479 609 540 sinu.
656 483 749 542 'l'unc
771 480 881 543 fallere
904 479 1018 544 sollers

117 582 281 665 Apposita
304 581 442 644 intortos
466 581 609 644 extendit
631 583 740 665 regula
765 604 870 647 mores

117 689 162 756 Et
185 685 341 766 premitur
364 683 487 748 ratione
510 683 629 746 animus
653 683 802 768 vincique
826 687 952 749 laborat

116 789 350 870 Artificemquc
373 799 428 850 tuo
452 787 536 850 ducit
559 789 618 848 sub
640 788 757 868 pollice
779 790 912 854 vellum.

117 895 240 955 'secum
263 889 374 952 etenim
398 890 517 972 longos
541 889 662 958 memini
686 911 873 953 consumere
896 892 980 954 soles
1056 967 1060 974 ι

116 997 161 1057 Et
184 1006 287 1055 tecum
311 992 428 1076 primas
453 993 553 1074 epulis
577 995 752 1076 decerpere
775 1005 899 1056 noctes.

116 1099 225 1160 Unum
249 1117 329 1176 opus
353 1108 383 1157 et
405 1094 545 1177 requiem
568 1095 690 1176 pariter
712 1096 907 1177 disponimus
932 1099 1023 1158 arcibo

116 1201 229 1282 Atque
251 1200 430 1260 verecunda
452 1197 592 1259 laxamus
616 1199 698 1260 seria
721 1220 839 1264 mensa.

117 1303 196 1364 Non
220 1301 364 1384 equidem
387 1301 450 1362 hoc
472 1299 614 1376 dubites,
640 1303 804 1364 amborum
827 1303 958 1364 loedere
982 1314 1072 1364 certo
1197 1303 1236 1364 15

118 1403 312 1468 Consentire
334 1403 402 1465 dies
425 1415 455 1464 et
478 1406 517 1464 ab
540 1424 604 1466 tino
628 1404 730 1466 sidere
753 1404 838 1466 duci.

116 1508 243 1570 Nostra
266 1505 319 1567 vel
342 1504 465 1587 aequali
488 1505 650 1593 suspendit
671 1518 818 1588 tempora
841 1507 942 1569 Libra

117 1611 224 1672 Parca
247 1619 342 1670 tenax
365 1607 453 1682 veri,
479 1628 535 1670 seu
556 1618 628 1670 nata
651 1608 796 1670 fidelibus
820 1611 901 1672 hora

116 1711 245 1775 Dividit
265 1711 296 1772 in
320 1710 472 1773 Geminos
494 1713 666 1774 eoncordia
688 1711 754 1774 fata
777 1714 912 1775 duorum

106 1815 357 1896 'Saturnumque
381 1833 511 1896 gravent
536 1823 649 1877 nostro
673 1814 753 1876 Iove
776 1813 953 1898 frangimus
979 1837 1057 1877 tina:
1197 1814 1238 1878 50

118 1914 241 1977 Nescio
265 1917 371 1998 quod,
397 1926 483 1976 certe
506 1926 572 1989 est,
597 1919 684 1998 quod
707 1937 756 1978 me
779 1916 837 1979 tibi
860 1929 1034 1999 temperat,
1060 1929 1192 1980 astrum.

119 2017 217 2080 Mille
240 2015 401 2078 hominum
423 2015 544 2097 specics
568 2028 599 2078 et
622 2037 728 2080 rerum
752 2018 893 2083 discolor
916 2041 1010 2083 usus:

119 2120 217 2183 Velle
239 2140 327 2180 sittim
352 2118 465 2202 cuique
488 2131 615 2181 estnec
638 2132 716 2184 voto
740 2121 859 2184 vivitur
881 2143 958 2186 uno.

119 2221 288 2285 Mercibus
312 2219 363 2282 hic
385 2221 472 2282 Italis
497 2233 595 2283 mutat
616 2224 674 2284 sub
697 2223 766 2286 sole
788 2225 911 2286 receuti

120 2327 289 2406 Rugosum
312 2323 406 2404 piper
429 2335 459 2385 et
481 2323 626 2404 pallentis
649 2346 747 2408 grana
770 2325 898 2388 cumini.

121 2426 187 2488 Hic
207 2438 296 2488 satur
317 2425 444 2509 irriguo
468 2426 589 2489 mavolt
610 2437 798 2510 turgescere
820 2451 956 2493 somno:

120 2526 185 2591 Hic
206 2550 319 2610 eampo
341 2528 504 2612 indulget:
529 2529 612 2590 hunc
635 2531 703 2593 alea
727 2531 897 2614 decoquit:
922 2531 977 2594 ille

118 2634 157 2695 In
180 2630 342 2694 Venerem
365 2643 413 2692 est
435 2631 555 2712 putris:
581 2634 636 2692 sed
659 2653 754 2714 quom
778 2633 919 2714 lapidosa
944 2633 1093 2717 chiragra

117 2734 272 2814 Fregerit
293 2733 466 2809 articulos,
493 2733 609 2797 veteris
631 2734 758 2796 ramalia
780 2734 867 2818 fugi,

118 2840 149 2900 T
153 2857 214 2899 unc
237 2857 362 2897 crassos
384 2835 536 2898 transisse
560 2835 624 2898 dies
646 2838 812 2919 lucemque
834 2838 1023 2918 palustrem,
1197 2844 1238 2901 {10

192 3062 234 3108 36.
256 3089 286 3097 -
306 3070 356 3108 tum
373 3077 395 3108 e.
416 3065 553 3124 S.··cum
569 3079 591 3109 e.
606 3066 642 3109 tu.
663 3065 699 3109 lb.
716 3067 874 3125 -euepicr'e
885 3068 915 3115 T.
955 3065 996 3115 37.
1011 3089 1039 3104 ν
1054 3075 1104 3113 tum
1116 3066 1234 3127 fluunt.

119 3134 163 3179 38.
184 3133 300 3177 extendit
317 3133 406 3178 Omnes
431 3136 487 3177 mei.
525 3131 567 3178 12.
587 3159 611 3167 -
632 3133 768 3179 deetertere
784 3137 812 3180 F.
852 3135 894 3182 15.
915 3161 947 3171 -
966 3135 1027 3180 itaer
1048 3137 1106 3183 dut.
1127 3140 1184 3183 tut.
1207 3161 1238 3172 -

116 3203 233 3264 equidem
247 3201 344 3246 dubites
359 3204 388 3246 ll.
427 3201 468 3246 51.
488 3201 580 3248 Neecio
594 3202 668 3262 quod]
687 3205 739 3248 Vl..
762 3227 790 3236 -
810 3203 842 3250 N.
860 3206 920 3264 quid
932 3207 1050 3252 Tuscu.
1071 3209 1106 3252 lb.
1128 3233 1159 3242 —-
1179 3215 1238 3252 tcm-

112 3279 189 3332 peret
206 3273 281 3318 RSM.
320 3272 361 3317 55.
374 3297 413 3322 ,-
432 3273 530 3334 cyme'ue'
549 3275 578 3317 T.
597 3279 619 3318 et
637 3275 723 3332 Margo
740 3277 765 3318 S.
788 3295 820 3310 -·
839 3275 928 3320 cimini
942 3276 996 3321 vn.
1034 3274 1074 3320 57.
1096 3301 1128 3311 -
1147 3277 1237 3336 dequo·
1312 3319 1316 3331 ι

116 3343 173 3402 quit
192 3342 223 3386 tt.
284 3339 325 3386 58.
344 3341 374 3386 In
393 3339 514 3385 Venerem
532 3347 570 3386 eet
583 3343 687 3400 putris:
716 3341 771 3401 ced]
799 3344 866 3388 ESA.
888 3369 920 3379 -
940 3346 967 3389 in
989 3343 1108 3388 Venerem
1131 3348 1237 3403 putria:

115 3410 167 3458 ced
183 3413 219 3456 111.
245 3430 278 3442 -
301 3409 330 3454 In
348 3417 457 3455 uentrem
475 3409 533 3469 (sic)
548 3413 633 3469 putria
652 3419 708 3457 eet:
738 3413 783 3458 ced
806 3414 881 3459 ΤΒ).
935 3412 975 3458 59.
1005 3435 1038 3448 -
1063 3429 1085 3457 r.
1104 3412 1185 3474 frugi
1206 3417 1235 3460 tt.

118 3479 164 3527 ⁶⁰.
193 3482 304 3525 transire
324 3495 447 3536 superscr.
467 3495 504 3530 ee.
524 3482 554 3527 11.
573 3501 604 3516 ·-
623 3483 736 3526 traxisse
756 3483 786 3526 T.

190 3639 232 3687 38.
253 3641 361 3687 ostendit
379 3658 400 3686 r.
448 3640 489 3688 51.
509 3642 619 3699 Nescio,
640 3644 716 3702 quid?
743 3651 809 3689 certe
825 3646 868 3700 pr.
914 3643 955 3690 58.
975 3644 1003 3687 ln
1023 3657 1135 3687 uenerem
1151 3645 1237 3700 putris

119 3713 187 3756 wW.
209 3712 246 3756 lb.
267 3709 394 3772 cheragra
413 3713 469 3756 rW.

191 3873 233 3920 17.
259 3873 353 3919 Nostro
372 3875 410 3918 cel
427 3873 536 3934 aequali]
555 3877 604 3921 lloc
623 3879 752 3922 secundum
776 3879 914 3935 astrologos
934 3877 999 3920 dicit.
1047 3875 1077 3920 Et
1098 3875 1237 3922 hiereneus

117 3949 210 3989 tractus
238 3949 275 3988 est
298 3943 328 3988 ab
353 3945 473 3988 Horatio:
506 3945 545 3998 (C.
573 3943 603 4000 2,
634 3945 675 3991 17.
705 3945 757 3998 17.)
802 3946 851 3990 Seu
872 3945 950 3991 Libra
981 3959 1026 3989 eeu
1057 3959 1094 3988 me
1119 3945 1241 4005 Scorpius

23 4025 27 4036 ¹
117 4015 221 4072 aspicit.
260 4011 301 4058 52.
322 4011 395 4058 Mille
414 4011 665 4074 homiuumepeciee]
684 4016 715 4060 Et
734 4015 861 4060 Horatius:
890 4014 929 4071 (S.
949 4012 974 4068 2,
997 4011 1069 4070 127.)
1089 4013 1241 4075 (luotecpt.

117 4089 171 4127 turn
204 4083 299 4136 uiuunt,
331 4080 432 4126 totidem
459 4082 600 4128 studiorum
626 4083 722 4129 Milite.
767 4085 800 4129 Et
824 4085 968 4130 Terentius:
1001 4083 1056 4140 (1³11.
1078 4081 1106 4138 2,
1140 4083 1163 4129 1.
1186 4084 1239 4140 11.)

117 4151 185 4214 Quot
202 4153 304 4209 capitu,
324 4157 359 4196 101
376 4152 522 4196 sententiae.
561 4151 602 4200 53.
624 4152 691 4197 Velle
710 4167 783 4199 suum
801 4156 888 4213 cuique
903 4151 950 4210 eet]
970 4152 1002 4196 Et
1019 4154 1151 4212 Virgilius:
1173 4155 1238 4208 (eet.

118 4221 146 4276 2,
168 4218 224 4278 65.)
242 4219 321 4274 trultr't
338 4234 386 4265 ertu
407 4235 524 4280 quemque
542 4224 666 4281 uoluptas.
711 4221 752 4268 5lt.
773 4222 823 4267 Sub
841 4224 892 4268 eole
912 4219 1017 4281 recenti]
1036 4223 1080 4266 Est
1101 4223 1137 4266 hic
1156 4236 1241 4266 sensus

118 4290 150 4334 ab
175 4292 276 4335 lloralto
294 4293 401 4335 tractui:
423 4290 458 4347 (S.
480 4289 509 4344 l,
532 4288 555 4338 1.
576 4290 631 4347 29.)
650 4290 697 4336 Hic
716 4298 795 4336 mutet
813 4305 909 4336 mercer
927 4297 1047 4352 surgente
1066 4305 1081 4334 u
1100 4293 1161 4336 cole.
