2946 4816
222 193 285 256 28ss

225 349 290 412 Sed
312 348 401 432 prius
423 347 581 414 aestivum
600 346 699 413 ramis
720 345 881 412 defendite
903 346 1005 412 solem

286 453 331 514 Et
354 451 448 515 viridi
471 452 598 516 mollem
620 450 753 514 sternite
774 450 890 514 iroode
911 460 1033 513 torum.

222 553 297 616 Non
322 552 468 635 plumae‘,
492 572 556 615 non
579 553 666 635 picta
688 552 798 618 inurant
820 572 870 614 me
892 551 1056 634 stragula,
1081 569 1140 614 nec
1162 568 1244 632 quse
1329 547 1352 610 5

286 655 429 718 Pavonis
453 653 544 718 vario
567 656 688 736 sponda
712 653 824 716 colore
846 652 935 716 nitet.

221 758 331 838 Larga
355 767 508 819 coronata
532 754 693 836 disponite
714 755 831 836 pocula
856 772 985 832 mensa,

286 843 395 921 Selino
417 869 449 921 et
471 858 590 942 gelidas
614 855 774 920 adsociate
797 855 910 918 nivesz

223 958 444 1040 Certatimque
466 959 555 1022 leves
577 957 702 1039 pot-anti
725 955 863 1020 inducite
886 977 1030 1021 somnos.

285 1060 339 1123 Sic
362 1060 450 1123 intrat
472 1059 584 1123 aetatis
608 1061 724 1122 ducere
747 1059 799 1122 lile
823 1079 924 1122 ureae.¹

220 1161 273 1228 Au
298 1163 413 1225 scimus
436 1161 560 1238 miseri,
586 1161 661 1245 quid
684 1162 740 1222 lux
764 1172 895 1224 ventura
920 1157 1081 1222 minetur?

285 1263 462 1328 Vivamus:
487 1275 622 1327 mortem
645 1262 760 1327 lallere
782 1283 876 1327 neruo
899 1273 1020 1345 potest.

263 1404 394 1469 CXIII.
437 1402 615 1469 Eiusdem.
651 1405 693 1468 In
714 1402 844 1484 Orphei
865 1400 1079 1484 respicientis
1099 1397 1302 1480 imaginem.

729 1547 738 1566 .
787 1503 875 1566 .69.

221 1607 397 1698 Hoclnit,
421 1606 553 1680 infelix,
577 1615 610 1668 et
631 1506 734 1670 :dille
755 1506 819 1668 lieu
841 1505 990 1685 reipiois,
1016 1600 1176 1684 Orpheu?

285 1710 382 1789 erod
404 1718 456 1783 te,
481 1711 570 1792 quod
591 1706 740 1772 miseram
763 1707 904 1788 perdidit
926 1705 1122 1787 Eurydicen.

284 1830 411 1900 CXIV.
437 1828 617 1891 Eiusdem.
642 1829 696 1892 De
722 1829 852 1892 Venere
867 1837 900 1888 et
915 1827 1046 1890 Diana.
1069 1827 1128 1908 (L.
1153 1824 1184 1886 2'.
1209 1824 1280 1899 11.)

221 1938 377 2003 incultam
401 1937 558 2020 aspiciens
580 1937 669 2000 silvis
694 1936 852 2018 Cytherea
876 1936 1013 2000 Dianam

284 2039 370 2104 Risit
392 2051 477 2112 ets,
478 2039 547 2110 ,Αιι
571 2040 680 2102 tendes
703 2038 784 2101 retia
806 2037 985 2118 semper?”
1009 2036 1063 2099 ait.
1135 2055 1137 2062 ¹

222 2141 285 2206 Cui
307 2143 377 2206 Dea
401 2153 508 2203 casta·
533 2139 646 2214 „Feris
669 2161 728 2202 cur
750 2161 813 2203 non
838 2159 899 2222 ego
922 2138 1003 2202 retia
1025 2140 1174 2213 tendam,

287 2242 483 2306 '⁸'lcndcre
458 2265 484 2306 sr
506 2241 613 2324 potuit
635 2241 687 2306 vir
708 2254 781 2305 tuus
803 2241 857 2305 illa
882 2239 986 2304 tibi?''
1070 2271 1074 2277 ’

263 2365 371 2428 CXV.
394 2362 573 2433 Eiusdem.
597 2365 639 2428 ln
661 2364 837 2430 theatrum
856 2363 1120 2444 Campanum&
1107 2362 1165 2440 (L.
1189 2360 1221 2422 2.
1246 2299 1313 2448 ll.)

221 2474 352 2548 Dicite,
377 2472 525 2547 semidei,
535 2472 704 2542 silvarum
728 2473 872 2548 numina,
895 2474 1019 2548 Panes,

285 2579 328 2640 Et
352 2575 378 2640 si
401 2596 461 2657 qua
485 2577 625 2640 adventu
646 2595 680 2638 es
701 2577 851 2658 Nympha
873 2574 982 2657 iugata
1006 2594 1098 2638 meos

222 2678 286 2742 Cui
308 2676 396 2740 lictrit
420 2687 522 2748 tantas
545 2693 697 2744 saxorum
720 2689 869 2740 evertere
893 2676 1013 2749 moles,

240 2833 245 2842 .
286 2781 375 2860 Quies
397 2778 457 2840 inm
482 2778 628 2856 disiectas
652 2778 708 2844 vix
730 2799 860 2842 nemora
884 2778 947 2840 ulta
970 2775 1123 2860 teguntl·

221 2881 322 2944 Hisne
346 2881 419 2944 olim
442 2893 532 2950 sueta
554 2893 603 2946 est
623 2880 733 2946 circeis
758 2881 921 2960 Campana
944 2879 1091 2942 iuventus
1328 2879 1349 2940 5

285 2982 576 3062 Amphitheatrales
599 2983 680 3048 laeta
705 2983 813 3046 videre
837 2979 953 3044 iocos?
1098 2989 1101 2994 '
1289 2989 1292 2994 '

221 3086 318 3148 Nunc
340 3083 395 3145 ubi
417 3094 466 3152 tot
487 3085 679 3166 plaususque
702 3083 863 3147 homiuum
890 3100 1050 3166 roresque
1071 3101 1228 3160 canorae,

288 3189 355 3249 Tot
377 3184 483 3263 risus,
509 3196 560 3250 tot
582 3185 641 3248 iarn
666 3186 799 3268 gaudie,
824 3194 873 3248 tot
894 3182 1018 3246 sacics?

222 3286 366 3363 Scilicet,
391 3289 453 3349 heu
474 3286 533 3350 fati
555 3287 665 3370 leges!
688 3289 771 3368 rapit
795 3285 898 3350 ornnia
924 3297 1065 3366 tempus,

285 3390 330 3452 Et
352 3409 437 3470 quae
454 3389 648 3466 sustulerat,
673 3387 822 3469 deprimit
844 3387 910 3468 ipsa
935 3387 1012 3450 dies.
1306 3390 1347 3450 10

276 3511 405 3575 CXVI.
441 3509 622 3573 Eiusdem.
658 3511 701 3575 In
722 3511 894 3570 tsunulum
915 3509 1036 3571 Cottae
1061 3507 1282 3572 Veronensis.

454 3618 457 3624 ·
681 3611 738 3689 (u.
764 3611 795 3672 2.
819 3611 888 3690 cs.)

223 3714 383 3796 Sperabss
405 3711 481 3789 tilsi,
505 3715 617 3789 docta,
643 3734 778 3792 novum,
800 3713 956 3788 Verona,
983 3709 1162 3775 Catullum:

285 3818 432 3898 Experto
455 3835 489 3878 es
512 3815 612 3879 druos
633 3815 831 3878 bis'viduata
856 3815 946 3878 deos.

222 3917 320 3980 Nulla
344 3917 477 3979 animum
501 3919 638 4000 posthac
660 3913 718 3979 res'
736 3916 858 3999 erigat,
884 3913 1003 3997 optir'na
1027 3919 1163 4000 quando.

286 4017 395 4082 Prima
417 4019 501 4101 rapit
524 4018 620 4102 celeri
642 4019 747 4083 Parca
769 4016 1025 4082 inimicamanu.
1073 4029 1080 4044 ·’
1133 4071 1137 4080 .

224 4118 314 4199 Quae
337 4130 438 4182 tuuren
462 4133 497 4183 ut
520 4121 598 4186 vidit
620 4119 784 4186 morientis
807 4118 924 4202 lrigitla
948 4119 1064 4198 Cottae
1101 4163 1104 4178 ι
1315 4117 1347 4184 ,5
1460 4177 1461 4188 ,

288 4221 374 4296 Ora,
400 4241 489 4284 suum
511 4222 595 4304 lassa
619 4235 666 4286 est
688 4220 808 4285 crimen
831 4231 863 4284 et
885 4219 1026 4286 erulmit.
