2964 4814
416 867 422 874 ·
513 846 602 952 cu
631 835 662 919 n
691 845 722 918 n
748 847 780 920 u
807 847 839 920 u
867 807 913 920 ι’
1017 933 1019 940 ,

326 1026 546 1090 cunnum
577 1007 838 1092 uouunnna
865 1031 1070 1094 nuuonu.

601 1215 805 1228 m

533 1379 562 1441 Ι.
587 1379 641 1460 (3.
664 1377 866 1462 Doeringii.)

204 1500 347 1582 Lugete,
372 1519 391 1562 ο
412 1499 557 1562 Veneres
578 1497 815 1581 Cupidinesque
845 1585 847 1594 ,

139 1601 186 1661 Et
210 1611 359 1688 quantum
382 1611 428 1662 est
450 1598 612 1662 hominum
636 1598 872 1664 venustiorum!

136 1703 256 1766 Passer
280 1713 421 1765 mortuus
444 1712 491 1764 est
514 1722 600 1762 meac
622 1701 762 1782 puellae,

137 1804 271 1876 Passer,
296 1802 426 1865 deliciae
449 1825 535 1866 meae
557 1803 698 1884 puellae,

22 1949 25 1954 v
137 1904 242 1983 Quem
262 1904 335 1984 plus
358 1904 413 1966 illa
437 1903 539 1967 oculis
561 1904 625 1966 suis
648 1907 790 1966 amabat:

136 2007 219 2067 Nam
243 2005 380 2068 mellitus
402 2016 470 2068 erat
492 2027 642 2090 suamque
664 2017 760 2070 norat

135 2108 212 2187 Ipsa
234 2118 298 2167 tam
320 2110 400 2170 bene
424 2131 517 2188 quam
539 2107 644 2189 puella
668 2120 816 2183 matrem,

137 2209 209 2270 Nec
232 2230 298 2271 sese
321 2231 337 2270 a
360 2209 484 2292 gremio
507 2209 591 2272 illius
614 2213 784 2282 movebat,

135 2309 200 2372 Sed
224 2309 452 2372 circumsiliens
475 2315 572 2374 modo
596 2295 658 2373 hnc
682 2315 778 2374 modo
802 2309 902 2374 illue·

133 2401 307 2478 Adsolam
332 2412 489 2474 dominam
513 2435 612 2496 usque
634 2412 803 2494 pipilabat.

135 2514 200 2593 Qui
223 2535 305 2575 nunc
328 2513 353 2574 it
374 2535 434 2594 per
457 2513 516 2576 iter
538 2513 776 2576 tenebricosum

132 2615 235 2690 Illuc,
258 2618 338 2677 uude
362 2628 477 2700 negant
499 2614 605 2678 redire
628 2637 837 2700 quemquam..

133 2719 180 2779 At
200 2716 295 2780 vobis
318 2718 397 2780 male
417 2717 477 2792 sit,
502 2718 600 2780 malae
623 2721 773 2781 tenebrae

133 2816 232 2891 Orci,
256 2839 336 2901 quae
357 2817 462 2881 omnia
485 2819 569 2882 bella
590 2822 774 2884 devoratis:

7 2955 12 2962 ·
132 2921 215 2980 Tam
237 2917 353 2981 bellum
377 2920 454 2982 mihi
476 2943 637 3003 passerem
659 2923 847 2987 abstulistis.

131 3021 163 3084 0
185 3021 305 3082 saelum
329 3021 427 3084 male!
456 3021 489 3085 io
513 3023 633 3086 miselle
655 3047 782 3106 passer,
845 3100 848 3108 ,

131 3124 204 3183 Tua
226 3143 309 3183 nune
331 3144 431 3202 opera
453 3147 540 3187 meae
561 3117 685 3208 puellae

130 3222 257 3287 Flendo
280 3223 436 3308 turgiduli
457 3229 573 3290 rubent
596 3228 704 3292 ocelli.

620 3416 665 3478 n.
697 3416 761 3495 (a.)

194 3528 349 3591 Phaselus
368 3530 439 3605 ille,
462 3553 555 3616 quem
579 3532 710 3609 videtis,
734 3534 894 3617 hospites,

133 3627 194 3692 Ait
217 3628 313 3691 fuisse
334 3631 462 3694 navium
486 3633 687 3712 celerrimus,

130 3732 247 3813 Neque
268 3730 362 3792 ullius
383 3734 517 3796 natantis
539 3735 690 3818 impetum
713 3738 813 3802 trabis
858 3775 867 3794 ι
921 3775 922 3780 1

128 3831 291 3916 Nequisse
314 3835 509 3914 praeterire,
533 3837 601 3902 sive
622 3841 769 3921 palmulis

129 3933 221 4013 Opus
241 3933 330 4002 foret
353 3937 464 4000 volare
485 3938 553 4002 sive
574 3940 687 4005 linteo.

126 4036 172 4097 Et
193 4036 258 4097 hoc
280 4049 377 4120 negat
399 4039 528 4103 minacis
554 4043 714 4107 Adrialici

125 4138 259 4220 Negare
282 4138 356 4201 litus
378 4139 536 4206 insulasve
560 4145 719 4226 Cycladas

126 4239 344 4324 Rhodumque
364 4243 505 4310 nobilem
524 4247 755 4336 horridamque
778 4251 950 4328 Thraciam
