2964 4814
129 365 228 430 Dona
250 362 358 428 ferunt
380 381 460 445 prae
482 381 535 436 se;
557 358 721 425 declarant
743 358 859 445 gaudia
879 359 984 426 voltu.

128 464 303 533 Deseritur
323 466 463 546 Scyros,
486 462 634 548 linquunt
657 461 847 528 Phthiotica
870 466 995 546 Tempe

129 567 359 653 Cranonisque
381 569 497 631 domos
518 586 558 630 ac
579 565 705 631 moenia
724 563 912 631 Larissaeaz

130 669 333 738 Pharsaliam
356 678 487 746 coeunt,
511 666 680 732 Pharsalia
702 679 786 732 tecta
809 668 1028 755 frequentant.

130 777 224 840 Rura
248 770 327 838 colit
348 793 459 848 nemo,
484 769 675 835 mollescunt
698 770 782 835 colla
803 769 966 834 iuvencis:

131 878 211 941 Non
228 873 358 938 humilis
379 871 489 938 curvis
507 882 668 958 purgatur·
690 870 782 937 vinea
803 872 936 938 rastrist

133 980 210 1043 Non
235 977 363 1063 glebam
388 996 497 1058 prono
521 974 677 1040 convellit
698 995 831 1040 vomere
853 985 982 1040 taurus:

132 1081 211 1144 Non
231 1077 303 1141 falx
324 1088 463 1142 attenuat
483 1077 711 1142 frondatorum
734 1076 863 1142 arboris
885 1080 1051 1142 umbram:

132 1179 287 1267 Squalida
309 1179 442 1244 desertis
463 1179 586 1264 robigo
607 1177 747 1243 infertur·
767 1178 898 1245 aratris.
927 1263 929 1270 Α

131 1282 240 1367 Ipsius
261 1293 293 1346 at
313 1285 421 1360 sedes,
444 1303 633 1369 quacunque
658 1282 809 1365 opulenta
829 1282 963 1347 recessit

130 1385 258 1470 Regia,
279 1384 416 1469 fulgenti
434 1384 600 1468 splendent
622 1405 702 1449 auro
721 1395 816 1470 atque
838 1395 996 1468 argento:

132 1488 260 1554 Gaudet
281 1489 361 1550 ebur
381 1485 492 1562 soliis,
516 1484 678 1550 collucent
698 1486 818 1569 pocula
839 1507 985 1552 mensae:

133 1593 223 1655 Toa
243 1591 356 1654 domus
378 1591 495 1672 gaudet
517 1587 622 1673 regali
640 1587 808 1671 splendida
832 1611 926 1675 gaza.

133 1691 294 1757 Pulviuar
315 1710 395 1755 vero
418 1689 513 1754 divae
537 1690 660 1776 geniale
683 1689 812 1755 locatur

136 1793 271 1858 Sedibus
294 1792 328 1857 in
350 1791 478 1870 mediis,
502 1793 585 1859 indo
607 1796 696 1880 quod
716 1796 810 1859 dente
830 1792 967 1878 politum

139 1895 254 1961 Tincta
276 1894 359 1980 tegit
380 1917 478 1961 roseo
503 1895 658 1977 conchyli
678 1918 822 1980 purpura
844 1897 937 1963 fuco.

134 2001 228 2064 Haec
250 1997 349 2063 vestis
367 1997 487 2080 priscis
507 1997 672 2064 hominurn
695 1999 818 2062 variata
835 1998 952 2084 liguris

132 2104 285 2166 Heroum
305 2099 385 2163 mira
408 2099 545 2164 virtutes
567 2099 688 2164 indicat
710 2111 791 2165 arte.

132 2207 284 2290 Namque
304 2203 498 2268 fluentisono
520 2214 734 2287 prospectans
754 2203 853 2270 litore
876 2203 960 2271 Diae

134 2308 267 2371 Thesea
286 2308 447 2370 cedentem
474 2304 573 2370 celeri
598 2327 669 2370 cum
696 2304 796 2370 classe
818 2315 926 2371 tuetur

133 2406 317 2474 Indomitos
338 2407 371 2472 in
391 2411 490 2474 corde
514 2429 629 2494 gerens
652 2407 796 2474 Ariadna
819 2407 967 2488 furores,
1080 2444 1082 2449 s
1188 2413 1258 2477 ·55

136 2621 211 2676 Vulp.
226 2619 340 2666 Praefert
354 2619 428 2664 itach.
444 2620 473 2664 ad
487 2618 544 2664 Tib.
556 2632 580 2675 p.
593 2616 654 2665 280.
678 2619 732 2680 Ego
748 2621 844 2679 quidem
865 2621 1077 2678 interpolationem
1094 2635 1192 2668 censeo.
1213 2623 1260 2669 cte.

136 2689 248 2736 Oudend.
266 2690 295 2734 ad
310 2691 396 2744 Appui.
412 2685 437 2733 2.
450 2701 474 2743 p.
488 2686 530 2734 98.
580 2685 622 2735 ³5.
641 2691 731 2735 Mureti
747 2691 926 2736 distinctionem
941 2696 1037 2735 secutus
1054 2704 1107 2736 suen
1123 2691 1260 2736 comitatio

136 2760 213 2815 (item
225 2760 279 2804 sill.
294 2756 406 2812 bachin.)
423 2757 537 2816 Plerique
554 2772 608 2804 cum
621 2759 691 2804 Aldu.
698 2762 792 2818 jerunt
796 2773 808 2814 ;
823 2773 889 2818 pros
900 2772 929 2805 ee
940 2759 1081 2806 declarant.
1119 2757 1162 2806 36.
1180 2761 1261 2816 „Por-

136 2835 204 2874 tasse
216 2826 385 2873 Pistmetdax’
402 2827 501 2872 Lacbm.
529 2827 630 2888 Scyron
647 2829 692 2873 etsi
711 2831 782 2888 longe
801 2844 815 2874 a
832 2831 960 2874 Thessalia
977 2835 1111 2885 remotam,
1131 2830 1261 2886 aDolopi-

136 2897 183 2942 hus
209 2903 302 2958 tamen,
332 2898 506 2942 Thessalorum
526 2903 613 2956 geute,
638 2904 913 2954 possessamtestantue
933 2899 1042 2954 Thucyd.
1064 2898 1093 2955 l,
1118 2897 1160 2948 98.
1188 2900 1260 2946 Diod.

136 2969 188 3013 Sic.
206 2965 252 3022 11,
267 2965 309 3016 60.
329 2991 363 3001 -
382 2966 474 3024 Tempe
489 2969 587 3023 proprie
601 2969 625 3013 in
637 2967 766 3026 Pelasgida
775 2998 782 3023 ,
802 2971 843 3013 sed
860 2970 927 3014 iuxta
937 2969 1100 3014 Phthiotidem
1119 2970 1165 3013 sita
1181 2973 1260 3015 erant.

137 3035 181 3083 37.
202 3033 562 3097 Granoae'equevictoriiconi.
584 3059 614 3068 -
635 3035 838 3097 Gracinoniepue
853 3039 916 3084 Mes.
938 3059 968 3070 -
989 3035 1203 3099 Graiugenaeque
1212 3038 1259 3083 Ed.

135 3120 175 3162 pr.
189 3105 258 3162 Lips.
269 3106 339 3151 atad.
361 3127 391 3140 —
411 3101 635 3166 Graiugenalmque
651 3108 716 3151 Scal.
736 3127 771 3139 -
788 3102 888 3152 Grnraou
904 3112 984 3153 antem
994 3108 1138 3154 'i'hcssaliae
1148 3107 1262 3164 oppidum

136 3189 213 3233 prope
231 3176 363 3224 Larissam.
402 3175 438 3220 lb.
460 3189 491 3218 ac
509 3177 609 3221 saccula
626 3175 768 3221 Larissaea
785 3177 855 3221 Aldd.
875 3177 951 3222 Guar.
978 3200 1011 3210 —
1039 3191 1071 3220 ‹ec
1088 3177 1188 3222 nicenis
1207 3178 1263 3222 ala·

136 3246 225 3290 criseas
242 3245 305 3290 hias.
331 3245 397 3289 Unda
413 3245 467 3292 stit.
485 3247 619 3301 suspicatus
634 3246 744 3291 caturci
760 3245 997 3300 etmutAertateae,
1015 3248 1033 3291 i.
1054 3259 1077 3292 e.
1098 3247 1211 3292 Larissae
1231 3245 1262 3290 ah

135 3315 233 3359 Acrisio
248 3315 366 3362 conditae.
404 3311 446 3359 38.
460 3313 624 3360 Pharsaliam
639 3315 718 3371 potius
733 3314 884 3370 trisyllabum
899 3329 969 3374 quana
985 3317 1171 3370 antepenultima
1183 3313 1262 3370 brevi,

137 3389 165 3427 ut
186 3383 302 3439 Calpurn.
328 3381 358 3439 l,
386 3380 444 3428 101.
485 3384 604 3441 Exempla
626 3387 733 3429 variatae
757 3385 781 3428 in
806 3387 890 3429 eodem
915 3398 986 3430 versa
1005 3386 1145 3442 quantitatis
1164 3385 1264 3444 collegit

137 3454 214 3497 Wah.
231 3455 261 3496 ad
279 3453 352 3498 Luca.
370 3450 401 3508 4,
423 3449 499 3498 1252.
528 3452 672 3513 Graeanque
689 3453 837 3498 conveniunt
852 3453 975 3513 liquidis,
994 3459 1019 3498 et
1035 3453 1133 3512 liquida
1151 3454 1262 3498 crossia.

137 3522 216 3568 Nimis
231 3521 309 3567 tacitis
326 3527 362 3566 est
377 3523 481 3568 Pontaui
496 3525 590 3570 emend.
607 3521 760 3568 Pharsalum
777 3523 849 3582 Ging.
866 3523 965 3571 Lachm.
985 3545 1019 3566 r-
1036 3521 1182 3567 Pharenlon
1197 3523 1261 3567 Scal.

137 3589 181 3637 46.
203 3591 390 3638 ηιεηεαοΑΙιίά.
408 3594 481 3641 Voss.
499 3593 572 3653 Giug.
590 3607 650 3653 quae
672 3593 743 3638 lectio
759 3593 879 3638 stabilitur
893 3593 955 3638 Aen.
973 3588 1020 3646 11,
1039 3589 1099 3638 738.
1118 3611 1154 3625 -
1170 3592 1264 3650 plenae

131 3662 229 3720 pocula
247 3674 358 3706 mensae.
379 3663 474 3706 menete
493 3662 585 3718 Doer„
609 3676 654 3719 pro
675 3676 722 3720 qno
743 3662 801 3708 iacit
818 3664 879 3708 Aen.
892 3659 922 3717 1,
939 3657 998 3706 640.
1017 3661 1112 3723 ingane
1127 3665 1263 3721 argentum

135 3730 252 3784 meueie‚·
270 3732 313 3776 sed
330 3737 436 3788 praestat
451 3733 542 3776 variata
560 3737 690 3777 structura.
734 3729 776 3780 49.
793 3730 904 3777 Aedibus
924 3730 1059 3788 probabitis
1081 3730 1204 3776 correctio
1222 3730 1262 3780 ed.

135 3802 200 3844 Ven.
212 3799 306 3856 Gryph.
319 3814 348 3844 ea
360 3800 421 3845 hen.
433 3798 465 3861 2,
485 3800 544 3848 stt.
600 3799 642 3847 5⁰.
661 3799 795 3860 conchylia
812 3802 883 3846 Aldd.
903 3801 1018 3856 milich„
1035 3801 1077 3864 sed
1092 3800 1152 3845 haec
1167 3800 1262 3855 forma,

136 3871 188 3915 sire
203 3884 217 3913 a
233 3865 381 3928 conchylia,
402 3871 452 3914 sire
465 3884 478 3913 a
492 3867 614 3929 conchyle
630 3872 744 3926 ducatur,
764 3869 826 3913 haud
842 3875 932 3915 temere
949 3870 1099 3924 recipienda.
1115 3882 1138 3914 v.
1156 3869 1262 3916 Porceii.

134 3936 260 3998 Conchyla'
278 3938 350 3982 habet
365 3939 436 3983 eliasu
452 3939 551 3986 Luerel.
565 3938 594 3995 6,
618 3936 695 3985 1072.
752 3935 795 3984 5³.
821 3933 915 4001 νῆσον
933 3933 989 4002 τήν
1008 3935 1080 3994 ποτὲ
1096 3935 1153 4003 μὲν
1170 3935 1264 4000 Δίαν,

133 4004 190 4058 νῦν
206 4004 239 4058 dt
257 4001 359 4070 Νάξον
377 4007 680 4079 προσαγορευομένην
697 4009 769 4052 Diod.
783 4008 832 4052 sie.
848 4004 878 4062 t,
895 4004 936 4052 1⁶.
992 4004 1035 4056 56.
1055 4009 1149 4054 Versus
1169 4010 1264 4054 concta-

134 4082 224 4123 matus.
254 4075 308 4122 Nec
327 4077 386 4122 dum
405 4078 481 4122 etium
498 4092 555 4124 esse
573 4091 636 4138 quae
654 4078 697 4124 eui
713 4077 751 4122 tui
768 4090 796 4120 ae
814 4075 905 4122 credit.
923 4077 977 4122 vel:
998 4077 1040 4121 aui
1051 4079 1094 4124 eut
1108 4077 1262 4125 creditlldes.

133 4167 169 4181 -
184 4145 240 4192 Nec
258 4145 318 4192 dum
336 4147 413 4190 etiam
430 4161 487 4192 ecee
505 4161 568 4208 quoe
587 4148 646 4193 visit
664 4135 843 4193 risere'creda't
868 4148 942 4190 Voss.
962 4146 1061 4193 Lacbm.
1093 4170 1121 4181 -
1150 4145 1264 4194 Necdum

134 4215 213 4262 etiam
230 4230 275 4272 ee,
295 4212 462 4276 quaesierant
478 4222 529 4262 tum
548 4215 657 4262 credidit
674 4229 731 4261 esee
748 4216 802 4261 Ast.
825 4237 854 4249 -
873 4213 987 4262 Necdum
1005 4218 1082 4262 etiam
1100 4229 1172 4272 eece,
1199 4227 1264 4274 quae

126 4281 200 4344 suit,
220 4291 273 4331 tum
290 4283 400 4333 credidit
416 4299 474 4331 eeee
491 4287 545 4332 snt.
569 4287 633 4332 coni.
666 4310 698 4322 -
725 4283 839 4332 Necdum
857 4286 934 4332 ettam
952 4300 1008 4332 ecee
1029 4286 1161 4332 obtitumee
1179 4284 1221 4328 aua·
1239 4286 1262 4326 te

102 4368 129 4417 la·
