2948 4820
218 213 279 280 386

386 367 593 454 Fuliginosas
615 366 745 452 virgini.

303 473 363 538 llla
385 471 463 536 nihil
485 471 648 550 dubitans,
672 468 790 554 digitos
811 465 954 552 inspexit
975 477 1100 532 actttttm

388 574 545 658 Siuusque
566 591 714 636 ramosos
738 571 852 643 volae:
927 607 933 620 ·
1298 570 1343 634 50

300 677 451 762 Denique
474 675 663 740 vaticinata:
688 673 776 748 „Diu
797 671 824 736 si
846 669 983 748 vixeris,
1007 669 1131 754 inquit,

386 777 535 844 Moriere
557 779 758 862 grandmmts
780 775 913 839 senex.''

305 881 371 945 lsta
391 879 487 955 ioco,
512 889 548 942 ut
569 898 696 960 possem
718 877 896 941 simulatum
918 893 1097 960 agnoscere
1121 872 1262 950 voltum,

389 983 529 1056 „Macer
552 980 691 1044 manebis
700 979 731 1057 ,’'
756 978 891 1054 addidit:

303 1083 442 1151 Nomine
464 1105 579 1168 meque
601 1103 673 1146 meo
695 1093 809 1158 vocat,
833 1101 871 1143 os
894 1089 1011 1142 mutata
1032 1080 1184 1142 decorum
1298 1078 1340 1140 55

389 1188 491 1250 Tersa
515 1184 604 1268 genis
629 1183 811 1268 nigredine:

300 1288 407 1354 Aonia
428 1285 531 1370 qualis
553 1284 681 1350 Phoebi
703 1283 848 1349 consedit
867 1284 899 1348 in
921 1305 1012 1363 arce,

388 1390 504 1454 Donec
526 1387 671 1450 sinebant
692 1386 858 1450 Bistones.

305 1491 460 1557 Protinus
482 1489 633 1556 exsiliens
656 1509 736 1574 ego:
761 1487 854 1562 „Cur
875 1489 963 1565 Dea,
989 1490 1147 1553 schemate
1169 1491 1225 1553 vili

391 1595 548 1656 Formosa
572 1591 655 1654 celas
677 1589 845 1654 lumina?''
1298 1593 1340 1654 60

306 1695 443 1758 Psaltria
467 1693 613 1756 subrisit:
637 1693 814 1766 „Nostrum
839 1704 886 1755 est
907 1713 1014 1756 errare
1036 1714 1095 1775 per
1117 1695 1213 1757 urbes

391 1796 436 1862 Et
457 1817 581 1878 regua,
607 1815 672 1878 quo
693 1795 758 1858 lert
779 1794 926 1876 impetus.

307 1900 382 1963 Hoc
406 1909 437 1961 et
460 1897 607 1979 Calliope
630 1896 707 1960 lacit
729 1897 937 1978 Euterpeque
961 1897 1149 1979 Eratoque:

391 2000 509 2064 Omnes
533 2018 649 2061 novem
671 1998 891 2062 Permessides

305 2104 406 2166 More
429 2121 637 2185 peragramus
658 2100 768 2163 luscae
786 2099 952 2165 Nilotidos
975 2103 1086 2164 orbem
1300 2104 1338 2164 65

391 2205 518 2288 Magno
542 2203 629 2267 bono
653 2202 845 2266 mortalium.

307 2306 418 2389 Qualis
442 2305 524 2369 enim
548 2315 660 2369 ventus
684 2316 849 2388 grassatur
871 2316 904 2368 et
926 2325 1069 2390 aequora
1094 2308 1171 2371 flatu

389 2411 560 2490 Aurasque
582 2419 699 2491 purgat
721 2405 863 2490 inquies:

306 2508 458 2574 Sollicitis
481 2508 624 2572 homines
646 2509 845 2573 discursibus
869 2530 969 2593 usque
991 2531 1177 2588 movemus,

393 2613 445 2674 Ne
466 2622 724 2694 computrescant
747 2612 831 2676 otio.
1029 2651 1035 2658 ·
1300 2615 1341 2678 il)

306 2715 415 2798 thue
439 2712 541 2778 Ceres
566 2712 658 2791 olim,
681 2723 805 2795 raptam
827 2735 845 2776 a
867 2714 1028 2795 praedone
1052 2715 1167 2780 marito

391 2817 497 2897 Quom
521 2826 689 2900 quaereret
712 2815 960 2897 Proserpinam,
990 2873 995 2890 ,

309 2917 433 2982 Semina
456 2918 574 3000 sparsit
597 2917 683 3002 agris
705 2928 847 3000 segetum
870 2917 1006 2982 secunda
1031 2919 1162 3006 viasque

391 3019 535 3092 Vestivit
556 3041 667 3084 omues
688 3018 858 3104 frugibus:

309 3121 362 3184 Sic
384 3143 442 3184 nos
464 3121 618 3202 proiectis
639 3120 700 3183 iter
723 3141 818 3184 omne
839 3122 999 3204 replemus
1022 3123 1129 3187 avenis
1299 3127 1338 3191 75

391 3225 436 3286 Et
457 3222 644 3287 seminamus
666 3223 789 3286 nablia:

308 3327 560 3411 Excolimusque
583 3325 703 3389 animos
725 3339 757 3389 et
779 3327 916 3397 barbara
937 3330 1035 3392 corda
1057 3331 1220 3396 domamus

394 3430 485 3495 Artis
508 3450 644 3493 canorae
666 3428 830 3503 laudibus:

310 3530 552 3618 Dignamurque
574 3534 669 3595 rudes
691 3531 783 3594 etiam
805 3532 996 3616 penitusque
1017 3547 1159 3600 remotas

393 3635 426 3699 A
448 3635 516 3699 sole
540 3644 651 3718 gentes
674 3634 790 3699 visere.
1221 3663 1225 3669 -
1300 3643 1340 3705 80

309 3739 385 3801 Non
408 3736 520 3811 vallis,
544 3756 608 3799 non
630 3735 718 3817 rupis
742 3737 850 3813 obex,
874 3757 938 3800 non
960 3749 1072 3822 stagna
1094 3743 1275 3820 retardant,

392 3823 470 3904 Non
491 3849 590 3902 terret
613 3841 670 3900 ae‘r
693 3838 845 3903 crassior.

309 3947 483 4008 Extremos
506 3931 667 4004 hominum
690 3940 844 4006 Morinos
866 3963 949 4025 quos
972 3943 1078 4009 Roma
1100 3946 1225 4029 putavit

394 4045 553 4128 Nullaque
575 4043 681 4107 claros
703 4042 829 4119 indole,

311 4147 365 4211 An
386 4167 451 4209 nou
473 4146 648 4242 linquentes
670 4144 762 4207 nobis
785 4147 988 4214 suadentibus
1010 4159 1099 4214 anua
1298 4153 1336 4216 35

394 4249 559 4311 Levantur
580 4246 611 4309 in
633 4246 818 4332 fastigium?
