2946 4816
245 201 308 264 222

244 355 397 442 Quisquis
419 355 495 433 eris,
518 353 658 438 paullum
682 374 699 416 a
721 353 815 418 turba
837 353 1000 418 seductior
1022 354 1117 420 andi:

243 465 298 538 „0
320 464 428 536 bone,
453 481 526 523 netur
550 455 706 542 ignoras?
729 455 820 520 ruisse
845 468 892 520 est
915 479 931 520 a
956 457 1096 524 Cessare
1118 459 1227 522 laurus

241 565 401 648 Insignem
425 564 468 627 ob
491 561 610 622 cladem
634 560 811 624 Germanae
832 557 926 641 pubis
948 571 979 624 et
1001 560 1065 624 aris

241 666 393 752 Frigidus
415 662 575 728 excutitur
596 662 694 726 ciuis:
719 682 756 726 ac
778 661 838 724 iam
861 664 1007 745 postibus
1029 685 1131 741 arana,
1313 668 1349 728 te

240 773 307 836 lain
331 768 510 846 chlamydes
535 787 666 850 regum,
691 764 752 828 iarn
776 765 859 828 lutea
883 786 1024 848 gausapa
1046 769 1147 848 captis

240 873 425 955 Essedaque
447 869 655 953 ingentesque
678 868 763 930 locat
786 865 943 932 Caesonia
968 871 1113 934 Rhenus.

239 975 299 1040 Dis
321 972 420 1058 igitur
443 969 613 1056 Genioque
635 971 724 1034 deicis
746 982 873 1034 centtun
894 970 985 1052 paria
1008 973 1050 1035 ob
1072 993 1125 1036 res

239 1075 382 1161 Egregie
407 1085 511 1158 gestas
534 1073 662 1137 induco.
685 1104 726 1116 -
750 1073 831 1154 Quis
855 1073 966 1136 vetat?
989 1077 1085 1138 aude!

238 1181 327 1243 Vae!
349 1177 408 1240 uisi
430 1175 600 1240 connives!
623 1177 728 1240 oleum
751 1187 977 1260 artocreasque
1001 1179 1133 1260 popello
1319 1182 1356 1244 50

237 1281 392 1366 Largior.
417 1281 468 1343 An
485 1277 667 1362 prohibes?
689 1277 739 1341 dic
755 1280 858 1343 clare!
871 1282 889 1306 ''
912 1281 1011 1352 „Nou
1023 1284 1102 1344 adeo
1113 1279 1146 1356 ,''
1164 1280 1284 1366 inquis.
1298 1317 1336 1330 -

238 1387 442 1460 „Exossatus
467 1403 547 1466 ager
568 1380 656 1445 iuxta
679 1391 740 1446 est.
786 1384 880 1465 Age,
906 1381 933 1446 si
956 1381 1032 1446 mihi
1054 1385 1136 1447 nrrlla

236 1489 303 1551 lam
328 1485 449 1569 reliqua
475 1506 516 1548 ex
538 1483 659 1558 amitis,
684 1483 835 1565 patnielis
858 1485 961 1560 nuilla,
986 1487 1152 1569 proneptis

236 1590 332 1654 Nulla
355 1600 459 1652 manet
482 1586 603 1669 patrui,
628 1586 744 1651 sterilis
768 1598 935 1652 matertera
958 1588 1059 1664 vixit,

234 1693 347 1776 Deque
371 1691 438 1753 avia
464 1689 592 1752 nihilum
616 1698 780 1772 superest,
805 1693 924 1754 accedo
947 1691 1092 1758 Bovillas
1316 1699 1352 1762 55

236 1793 431 1877 Clivuurque
456 1795 493 1855 ad
516 1792 632 1866 Virbi;
656 1803 789 1874 praesto
812 1804 860 1855 est
884 1793 956 1856 anibi
978 1795 1110 1859 Manius
1131 1797 1263 1860 beres.’'
1289 1831 1326 1842 -

234 1945 248 1972 „
257 1898 438 1980 Progenies
455 1894 611 1958 terrae?”
635 1929 676 1942 —
697 1941 711 1968 „
722 1895 850 1974 Quaere
866 1916 907 1958 ex
923 1917 991 1974 nie,
1017 1896 1087 1981 quis
1110 1899 1184 1962 mibi
1200 1913 1334 1982 quartus

233 1999 282 2063 sir
300 2011 410 2082 pater,
434 1999 517 2060 haud
532 2009 701 2079 prompte,
726 1998 826 2060 dicam
843 2009 960 2062 tamen.
995 2003 1089 2064 Adde
1105 2001 1197 2066 etiarn
1216 2025 1330 2079 tiatira,

233 2103 336 2166 Unum
361 2099 474 2163 etiarn:
500 2109 605 2162 terrae
628 2111 676 2163 est
696 2098 757 2162 iana
781 2099 863 2164 lilius
885 2112 917 2164 et
939 2102 1013 2166 mihi
1034 2103 1098 2166 ritu

231 2203 362 2268 Manius
385 2201 435 2265 bic
459 2201 586 2285 generis
610 2222 712 2284 prope
735 2202 837 2266 maior
859 2205 1033 2267 arrauculus
1056 2204 1136 2269 exit.
1159 2203 1200 2250 ·-'
1314 2208 1353 2270 60

232 2303 297 2386 Qui
317 2304 409 2387 prior
431 2325 482 2380 es,
508 2325 566 2366 cur
587 2325 636 2368 me
657 2303 691 2366 in
714 2306 848 2368 decursu
871 2305 1014 2388 lampade
1038 2306 1169 2388 poscis?

231 2410 306 2471 Suro
331 2407 388 2470 tibi
411 2407 612 2470 Mercurius:
641 2405 735 2469 venio
758 2409 833 2468 deris
857 2408 919 2469 hue
941 2429 1032 2492 ego,
1059 2420 1093 2470 ut
1114 2409 1168 2473 ille

233 2509 395 2594 Pingitur.
441 2511 491 2573 Au
516 2507 646 2572 renuis?
669 2507 720 2570 vin
742 2519 775 2570 tu
800 2511 939 2590 gaudere
962 2511 1133 2575 relictis?’'
1157 2545 1197 2557 -

230 2613 353 2687 „Deest
368 2612 486 2696 aliquid
501 2609 675 2674 summae.’'
697 2645 739 2655 -
762 2611 890 2683 „Minui
905 2611 1000 2675 mihi:
1024 2617 1079 2676 sed
1095 2614 1154 2678 tibi
1171 2628 1275 2692 totum
1291 2631 1351 2695 est,

231 2715 393 2799 Quidquid
424 2714 457 2778 id
487 2724 546 2777 est.
592 2712 656 2777 Ubi
683 2712 739 2790 sit,
778 2713 856 2798 luge
884 2735 1056 2799 quaerere,
1094 2720 1182 2802 quod
1213 2719 1289 2783 mihi

990 2822 1150 2902 quondam
1312 2823 1352 2886 65

299 3015 341 3063 62.
362 3042 394 3052 -
413 3024 456 3063 aut
473 3018 545 3062 turbu
566 3019 596 3064 E.
651 3015 692 3064 ll.
715 3040 744 3051 -
760 3019 854 3076 puppis
873 3013 995 3075 sapei-scr.
1013 3019 1088 3077 pubis
1107 3021 1137 3065 ll.
1183 3021 1221 3071 lb,
1241 3045 1266 3056 -
1289 3025 1350 3068 ntis

228 3090 257 3133 ll.
280 3101 402 3144 superscr.
423 3088 488 3132 uris.
527 3085 569 3132 65.
590 3109 625 3121 -
643 3093 670 3131 ot
685 3089 736 3132 inm
754 3088 784 3132 ll.
822 3085 864 3132 66.
884 3109 919 3122 -
937 3103 1055 3149 gausapa
1072 3090 1145 3134 victis
1163 3091 1216 3135 RE.
1257 3089 1300 3138 67.
1322 3113 1351 3128 -

228 3158 343 3218 ingentes
362 3158 429 3202 locut
447 3163 470 3201 et
488 3153 515 3201 G.
535 3157 588 3201 Tu.
625 3158 661 3202 lb.
682 3178 716 3191 ·-
733 3171 809 3202 reuss
827 3158 858 3202 tt.
898 3155 939 3203 69.
960 3178 991 3194 -·
1006 3159 1062 3218 quis
1081 3167 1151 3204 vorot
1168 3161 1199 3206 E.
1238 3159 1350 3208 5l.Nou

227 3225 299 3286 odeo]
319 3227 372 3272 TV.
400 3248 429 3259 -
455 3240 504 3271 non
527 3226 607 3271 nucleo
633 3227 712 3271 ΒΑΜ.
734 3248 763 3259 -
782 3224 851 3271 leuud
868 3226 948 3272 audeo
965 3227 996 3272 E.
1050 3227 1092 3274 52.
1113 3251 1145 3264 -
1163 3243 1212 3289 ogs
1231 3232 1271 3274 vel
1288 3229 1350 3276 milri

226 3297 263 3341 Μ.
302 3292 343 3342 53.
368 3318 393 3329 -
415 3295 454 3340 De
470 3296 568 3356 reliqua
585 3298 616 3343 V.
663 3293 704 3341 56.
724 3314 758 3328 -·
776 3302 913 3340 matertera
930 3297 1004 3341 iuxta
1023 3299 1056 3341 V.
1093 3295 1134 3344 55.
1155 3318 1189 3332 -
1206 3300 1300 3346 accedo
1319 3301 1348 3345 Τ.

227 3363 269 3412 56.
301 3385 328 3398 -
353 3361 494 3424 clivumque
518 3365 631 3410 ndoerbia'
657 3365 686 3409 lt.
742 3365 779 3409 lb.
805 3385 839 3400 -
860 3373 965 3425 praesto
983 3363 1045 3410 mett
1063 3368 1094 3416 Τ.
1143 3366 1184 3413 58.
1204 3393 1238 3402 —
1256 3370 1349 3418 addam

225 3435 255 3480 Ε.
295 3432 336 3479 61.
359 3456 388 3467 -
405 3448 501 3492 poscor
518 3436 548 3479 ll.
588 3431 629 3480 ⁶³.
649 3453 684 3472 ι-
701 3434 738 3480 vis
759 3436 797 3480 Μ.

295 3575 337 3624 51.
355 3575 414 3624 Νοη
431 3577 511 3622 audeo
528 3578 559 3622 Ρ.
597 3574 638 3622 61.
654 3589 750 3634 porros
767 3577 797 3622 P.

295 3720 337 3768 56.
358 3718 500 3780 Gliournqoe
519 3717 553 3763 uel
571 3717 652 3780 Virbi]
673 3722 790 3778 Quattuor
816 3720 921 3765 millibus
946 3720 976 3764 ab
1001 3720 1059 3764 urbe
1087 3727 1124 3768 est
1148 3722 1227 3766 Virbii
1251 3726 1347 3779 clivus,

225 3806 271 3849 qna
294 3794 341 3837 iter
365 3795 402 3837 ast
422 3792 451 3834 ad
476 3790 583 3834 Aricinos
606 3795 630 3834 et
649 3793 679 3834 ad
698 3804 780 3835 nemus
799 3791 907 3844 Dianae,
935 3789 975 3833 nbi
998 3791 1098 3835 Virbius
1117 3793 1218 3846 colitur,
1251 3796 1276 3838 id
1295 3800 1346 3846 est,

224 3861 384 3916 Hippolytus,
418 3857 532 3916 quodbis
552 3861 575 3904 iu
600 3861 675 3904 vitatu
700 3861 869 3915 protaeussit.
907 3858 968 3902 Noto
987 3864 1067 3904 autern
1086 3862 1147 3916 apud
1163 3862 1294 3918 Virgilium
1314 3865 1347 3906 ia·

224 3929 281 3973 bula
311 3935 356 3974 eat.
394 3928 465 3984 (Aen.
493 3925 522 3983 7,
544 3925 602 3973 765.
623 3926 693 3984 777.)
738 3929 776 3973 lb.
802 3925 917 3986 Mantua]
944 3929 1053 3972 Manium
1081 3931 1139 3974 elicit
1167 3930 1303 3976 deformem
1326 3936 1348 3975 et

224 3999 332 4058 ignotum
349 3999 470 4043 hominem
481 4029 488 4052 ,
516 4011 545 4042 eo
564 4000 625 4054 qnod
644 3999 740 4044 Maniae
760 3999 870 4042 dicuntur
885 3998 992 4042 indecori
1009 4000 1087 4042 vultos
1106 4012 1239 4056 personae,
1261 4001 1346 4058 qulbus

223 4069 292 4123 pueri
311 4071 440 4111 terrentur.
491 4064 531 4115 61.
550 4065 600 4127 Qui
620 4068 696 4125 prior
720 4080 747 4112 ea
761 4098 768 4122 ,
799 4082 845 4112 cnr
863 4064 913 4125 ms]
932 4067 1000 4122 Apud
1023 4068 1128 4114 Athenas
1157 4083 1229 4126 quom
1249 4072 1345 4116 invenes

224 4139 293 4182 ludos
320 4149 391 4181 cursu
419 4136 589 4190 celebrabant,
622 4138 661 4194 qni
685 4137 762 4183 victor
784 4142 864 4191 esset,
894 4137 985 4191 prunus
1009 4137 1086 4183 tresue
1112 4139 1229 4194 tollebat,
1260 4141 1344 4184 deiude

223 4206 331 4263 sequenti
358 4218 384 4250 sc
406 4205 515 4249 tradebat
539 4211 563 4250 et
587 4207 704 4252 secundus
727 4208 814 4252 tertio:
847 4205 957 4252 similiter
978 4220 1078 4262 omues,
1105 4211 1179 4256 donec
1199 4211 1344 4256 currentium

224 4287 339 4320 numerus
357 4275 505 4330 impleretur.
