<?xml version="1.0" encoding="UTF-8"?>
<!DOCTYPE html PUBLIC "-//W3C//DTD XHTML 1.0 Transitional//EN"
    "http://www.w3.org/TR/xhtml1/DTD/xhtml1-transitional.dtd">
<html xmlns="http://www.w3.org/1999/xhtml" xml:lang="en" lang="en">
 <head>
  <title>
</title>
<meta http-equiv="Content-Type" content="text/html;charset=utf-8" />
  <meta name='ocr-system' content='tesseract 3.04.00' />
  <meta name='ocr-capabilities' content='ocr_page ocr_carea ocr_par ocr_line ocrx_word'/>
</head>
<body>
  <div class='ocr_page' id='page_1' title='image "./eclogaepoetarum01orelgoog_0095.png"; bbox 0 0 2952 4826; ppageno 0'>
   <div class='ocr_carea' id='block_1_1' title="bbox 243 197 285 261">
    <p class='ocr_par' dir='ltr' id='par_1_1' title="bbox 243 197 285 261">
     <span class='ocr_line' id='line_1_1' title="bbox 243 197 285 261; baseline -0.048 0"><span class='ocrx_word' id='word_1_1' title='bbox 243 197 285 261; x_wconf 82' lang='lat' dir='ltr'>st</span> 
     </span>
    </p>
   </div>
   <div class='ocr_carea' id='block_1_2' title="bbox 182 335 1192 2369">
    <p class='ocr_par' dir='ltr' id='par_1_2' title="bbox 244 335 1151 1151">
     <span class='ocr_line' id='line_1_2' title="bbox 247 335 1151 436; baseline -0.02 -19"><span class='ocrx_word' id='word_1_2' title='bbox 247 356 400 436; x_wconf 82' lang='lat' dir='ltr'><strong>Quaeque</strong></span> <span class='ocrx_word' id='word_1_3' title='bbox 420 345 491 432; x_wconf 82' lang='lat' dir='ltr'>geri</span> <span class='ocrx_word' id='word_1_4' title='bbox 512 341 654 430; x_wconf 82' lang='lat' dir='ltr'>possint,</span> <span class='ocrx_word' id='word_1_5' title='bbox 677 339 866 424; x_wconf 88' lang='lat' dir='ltr'>praesertim</span> <span class='ocrx_word' id='word_1_6' title='bbox 888 341 984 404; x_wconf 90' lang='lat' dir='ltr'>rebus</span> <span class='ocrx_word' id='word_1_7' title='bbox 1005 337 1038 401; x_wconf 90' lang='lat' dir='ltr'>in</span> <span class='ocrx_word' id='word_1_8' title='bbox 1060 335 1151 414; x_wconf 91' lang='lat' dir='ltr'>ollis,</span> 
     </span>
     <span class='ocr_line' id='line_1_3' title="bbox 245 439 1140 537; baseline -0.02 -17"><span class='ocrx_word' id='word_1_9' title='bbox 245 458 336 537; x_wconf 84' lang='lat' dir='ltr'>Quae</span> <span class='ocrx_word' id='word_1_10' title='bbox 355 471 452 534; x_wconf 87' lang='lat' dir='ltr'>supra</span> <span class='ocrx_word' id='word_1_11' title='bbox 472 458 568 530; x_wconf 88' lang='lat' dir='ltr'>caput</span> <span class='ocrx_word' id='word_1_12' title='bbox 587 443 738 510; x_wconf 81' lang='lat' dir='ltr'>aetheriis</span> <span class='ocrx_word' id='word_1_13' title='bbox 756 452 929 506; x_wconf 89' lang='lat' dir='ltr'>cernuntur</span> <span class='ocrx_word' id='word_1_14' title='bbox 947 441 980 504; x_wconf 91' lang='lat' dir='ltr'>in</span> <span class='ocrx_word' id='word_1_15' title='bbox 1004 439 1089 516; x_wconf 91' lang='lat' dir='ltr'>oris,</span> <span class='ocrx_word' id='word_1_16' title='bbox 1135 452 1140 466; x_wconf 83' lang='lat'><strong>·</strong></span> 
     </span>
     <span class='ocr_line' id='line_1_4' title="bbox 246 543 990 636; baseline -0.023 -12"><span class='ocrx_word' id='word_1_17' title='bbox 246 561 372 624; x_wconf 81' lang='lat' dir='ltr'>Rursus</span> <span class='ocrx_word' id='word_1_18' title='bbox 389 553 423 616; x_wconf 92' lang='lat' dir='ltr'>in</span> <span class='ocrx_word' id='word_1_19' title='bbox 446 549 591 636; x_wconf 87' lang='lat' dir='ltr'>antiquas</span> <span class='ocrx_word' id='word_1_20' title='bbox 609 546 794 612; x_wconf 78' lang='lat' dir='ltr'>referuntur</span> <span class='ocrx_word' id='word_1_21' title='bbox 815 543 990 628; x_wconf 81' lang='lat' dir='ltr'>religiones</span> 
     </span>
     <span class='ocr_line' id='line_1_5' title="bbox 247 645 1023 728; baseline -0.021 -2"><span class='ocrx_word' id='word_1_22' title='bbox 247 663 293 726; x_wconf 90' lang='lat' dir='ltr'>Et</span> <span class='ocrx_word' id='word_1_23' title='bbox 315 656 463 724; x_wconf 89' lang='lat' dir='ltr'>dominos</span> <span class='ocrx_word' id='word_1_24' title='bbox 483 649 585 715; x_wconf 86' lang='lat' dir='ltr'>aereis</span> <span class='ocrx_word' id='word_1_25' title='bbox 604 647 779 724; x_wconf 88' lang='lat' dir='ltr'>asciscunt,</span> <span class='ocrx_word' id='word_1_26' title='bbox 804 645 909 710; x_wconf 90' lang='lat' dir='ltr'>onmia</span> <span class='ocrx_word' id='word_1_27' title='bbox 927 667 1023 728; x_wconf 90' lang='lat' dir='ltr'>posse</span> 
     </span>
     <span class='ocr_line' id='line_1_6' title="bbox 245 747 1119 845; baseline -0.017 -18"><span class='ocrx_word' id='word_1_28' title='bbox 245 765 337 845; x_wconf 86' lang='lat' dir='ltr'>Quos</span> <span class='ocrx_word' id='word_1_29' title='bbox 357 753 482 822; x_wconf 90' lang='lat' dir='ltr'>miserei</span> <span class='ocrx_word' id='word_1_30' title='bbox 501 756 651 825; x_wconf 87' lang='lat' dir='ltr'>credunt;</span> <span class='ocrx_word' id='word_1_31' title='bbox 675 747 800 833; x_wconf 86' lang='lat' dir='ltr'>ignarei</span> <span class='ocrx_word' id='word_1_32' title='bbox 821 748 899 833; x_wconf 92' lang='lat' dir='ltr'>quid</span> <span class='ocrx_word' id='word_1_33' title='bbox 918 758 1013 832; x_wconf 85' lang='lat' dir='ltr'>queat</span> <span class='ocrx_word' id='word_1_34' title='bbox 1033 769 1119 824; x_wconf 89' lang='lat' dir='ltr'>esse,</span> 
     </span>
     <span class='ocr_line' id='line_1_7' title="bbox 247 848 1103 946; baseline -0.018 -19"><span class='ocrx_word' id='word_1_35' title='bbox 247 863 336 946; x_wconf 85' lang='lat' dir='ltr'>Quid</span> <span class='ocrx_word' id='word_1_36' title='bbox 354 866 507 944; x_wconf 67' lang='lat' dir='ltr'>nequeats</span> <span class='ocrx_word' id='word_1_37' title='bbox 530 853 620 917; x_wconf 87' lang='lat' dir='ltr'>linita</span> <span class='ocrx_word' id='word_1_38' title='bbox 639 861 782 934; x_wconf 87' lang='lat' dir='ltr'>potestas</span> <span class='ocrx_word' id='word_1_39' title='bbox 802 849 937 936; x_wconf 85' lang='lat' dir='ltr'>denique</span> <span class='ocrx_word' id='word_1_40' title='bbox 960 848 1103 935; x_wconf 84' lang='lat' dir='ltr'>quoique</span> 
     </span>
     <span class='ocr_line' id='line_1_8' title="bbox 244 950 1146 1048; baseline -0.018 -18"><span class='ocrx_word' id='word_1_41' title='bbox 244 969 389 1048; x_wconf 87' lang='lat' dir='ltr'>Quanam</span> <span class='ocrx_word' id='word_1_42' title='bbox 410 961 452 1024; x_wconf 90' lang='lat' dir='ltr'>sit</span> <span class='ocrx_word' id='word_1_43' title='bbox 474 956 598 1023; x_wconf 87' lang='lat' dir='ltr'>ratione</span> <span class='ocrx_word' id='word_1_44' title='bbox 619 966 714 1039; x_wconf 89' lang='lat' dir='ltr'>atque</span> <span class='ocrx_word' id='word_1_45' title='bbox 737 953 798 1016; x_wconf 91' lang='lat' dir='ltr'>alte</span> <span class='ocrx_word' id='word_1_46' title='bbox 820 950 972 1016; x_wconf 87' lang='lat' dir='ltr'>terminus</span> <span class='ocrx_word' id='word_1_47' title='bbox 993 954 1146 1016; x_wconf 88' lang='lat' dir='ltr'>haerens:</span> 
     </span>
     <span class='ocr_line' id='line_1_9' title="bbox 245 1045 1051 1151; baseline -0.02 -20"><span class='ocrx_word' id='word_1_48' title='bbox 245 1071 319 1151; x_wconf 84' lang='lat' dir='ltr'>Quo</span> <span class='ocrx_word' id='word_1_49' title='bbox 340 1063 443 1149; x_wconf 82' lang='lat' dir='ltr'>magis</span> <span class='ocrx_word' id='word_1_50' title='bbox 465 1070 607 1125; x_wconf 80' lang='lat' dir='ltr'>errantes</span> <span class='ocrx_word' id='word_1_51' title='bbox 630 1077 724 1122; x_wconf 89' lang='lat' dir='ltr'>caeca</span> <span class='ocrx_word' id='word_1_52' title='bbox 748 1045 872 1119; x_wconf 83' lang='lat' dir='ltr'>ratione</span> <span class='ocrx_word' id='word_1_53' title='bbox 891 1054 1051 1118; x_wconf 80' lang='lat' dir='ltr'>seruntur.</span> 
     </span>
    </p>

    <p class='ocr_par' dir='ltr' id='par_1_3' title="bbox 182 1154 1192 2272">
     <span class='ocr_line' id='line_1_10' title="bbox 307 1154 1172 1251; baseline -0.017 -18"><span class='ocrx_word' id='word_1_54' title='bbox 307 1171 397 1251; x_wconf 85' lang='lat' dir='ltr'>Quae</span> <span class='ocrx_word' id='word_1_55' title='bbox 419 1162 479 1230; x_wconf 91' lang='lat' dir='ltr'>nisi</span> <span class='ocrx_word' id='word_1_56' title='bbox 502 1159 625 1244; x_wconf 84' lang='lat' dir='ltr'>respuis</span> <span class='ocrx_word' id='word_1_57' title='bbox 647 1181 688 1222; x_wconf 86' lang='lat' dir='ltr'>ex</span> <span class='ocrx_word' id='word_1_58' title='bbox 711 1155 817 1221; x_wconf 89' lang='lat' dir='ltr'>animo</span> <span class='ocrx_word' id='word_1_59' title='bbox 838 1156 1000 1240; x_wconf 82' lang='lat' dir='ltr'>longeque</span> <span class='ocrx_word' id='word_1_60' title='bbox 1019 1154 1172 1230; x_wconf 87' lang='lat' dir='ltr'>remittis,</span> 
     </span>
     <span class='ocr_line' id='line_1_11' title="bbox 242 1257 1044 1355; baseline -0.026 -16"><span class='ocrx_word' id='word_1_61' title='bbox 242 1276 304 1340; x_wconf 85' lang='lat' dir='ltr'>Dis</span> <span class='ocrx_word' id='word_1_62' title='bbox 327 1270 457 1355; x_wconf 83' lang='lat' dir='ltr'>indigna</span> <span class='ocrx_word' id='word_1_63' title='bbox 477 1276 590 1349; x_wconf 88' lang='lat' dir='ltr'>putare</span> <span class='ocrx_word' id='word_1_64' title='bbox 616 1260 784 1345; x_wconf 87' lang='lat' dir='ltr'>alienaque</span> <span class='ocrx_word' id='word_1_65' title='bbox 805 1257 893 1340; x_wconf 82' lang='lat' dir='ltr'>pacis</span> <span class='ocrx_word' id='word_1_66' title='bbox 913 1278 1044 1332; x_wconf 89' lang='lat' dir='ltr'>eorum;</span> 
     </span>
     <span class='ocr_line' id='line_1_12' title="bbox 196 1359 1003 1448; baseline -0.026 -5"><span class='ocrx_word' id='word_1_67' title='bbox 196 1365 198 1371; x_wconf 39' lang='lat'>⁵</span> <span class='ocrx_word' id='word_1_68' title='bbox 243 1375 396 1442; x_wconf 87' lang='lat' dir='ltr'>Delibata</span> <span class='ocrx_word' id='word_1_69' title='bbox 420 1373 513 1434; x_wconf 83' lang='lat' dir='ltr'>deum</span> <span class='ocrx_word' id='word_1_70' title='bbox 536 1375 644 1448; x_wconf 90' lang='lat' dir='ltr'>perte</span> <span class='ocrx_word' id='word_1_71' title='bbox 666 1363 726 1426; x_wconf 88' lang='lat' dir='ltr'>tibi</span> <span class='ocrx_word' id='word_1_72' title='bbox 748 1359 874 1424; x_wconf 90' lang='lat' dir='ltr'>numina</span> <span class='ocrx_word' id='word_1_73' title='bbox 893 1372 1003 1424; x_wconf 88' lang='lat' dir='ltr'>sancta</span> 
     </span>
     <span class='ocr_line' id='line_1_13' title="bbox 245 1462 1192 1559; baseline -0.021 -15"><span class='ocrx_word' id='word_1_74' title='bbox 245 1482 347 1559; x_wconf 89' lang='lat' dir='ltr'>Saepe</span> <span class='ocrx_word' id='word_1_75' title='bbox 370 1476 526 1544; x_wconf 89' lang='lat' dir='ltr'>oberunt;</span> <span class='ocrx_word' id='word_1_76' title='bbox 551 1489 635 1544; x_wconf 89' lang='lat' dir='ltr'>non,</span> <span class='ocrx_word' id='word_1_77' title='bbox 659 1487 724 1550; x_wconf 91' lang='lat' dir='ltr'>quo</span> <span class='ocrx_word' id='word_1_78' title='bbox 749 1463 868 1528; x_wconf 89' lang='lat' dir='ltr'>violari</span> <span class='ocrx_word' id='word_1_79' title='bbox 888 1484 1008 1526; x_wconf 89' lang='lat' dir='ltr'>summa</span> <span class='ocrx_word' id='word_1_80' title='bbox 1028 1466 1120 1528; x_wconf 84' lang='lat' dir='ltr'>dellm</span> <span class='ocrx_word' id='word_1_81' title='bbox 1146 1462 1192 1524; x_wconf 90' lang='lat' dir='ltr'>vis</span> 
     </span>
     <span class='ocr_line' id='line_1_14' title="bbox 244 1563 1125 1652; baseline -0.024 -6"><span class='ocrx_word' id='word_1_82' title='bbox 244 1578 372 1652; x_wconf 88' lang='lat' dir='ltr'>Possit,</span> <span class='ocrx_word' id='word_1_83' title='bbox 396 1587 430 1638; x_wconf 93' lang='lat' dir='ltr'>ut</span> <span class='ocrx_word' id='word_1_84' title='bbox 450 1595 491 1636; x_wconf 85' lang='lat' dir='ltr'>cx</span> <span class='ocrx_word' id='word_1_85' title='bbox 512 1570 562 1634; x_wconf 87' lang='lat' dir='ltr'>ira</span> <span class='ocrx_word' id='word_1_86' title='bbox 583 1573 703 1651; x_wconf 88' lang='lat' dir='ltr'>poc&#39;nas</span> <span class='ocrx_word' id='word_1_87' title='bbox 722 1577 831 1650; x_wconf 86' lang='lat' dir='ltr'>petere</span> <span class='ocrx_word' id='word_1_88' title='bbox 851 1564 986 1628; x_wconf 88' lang='lat' dir='ltr'>imbibat</span> <span class='ocrx_word' id='word_1_89' title='bbox 1004 1563 1125 1638; x_wconf 89' lang='lat' dir='ltr'>acreis;</span> 
     </span>
     <span class='ocr_line' id='line_1_15' title="bbox 243 1667 1044 1766; baseline -0.021 -19"><span class='ocrx_word' id='word_1_90' title='bbox 243 1686 307 1747; x_wconf 88' lang='lat' dir='ltr'>Sed</span> <span class='ocrx_word' id='word_1_91' title='bbox 326 1680 399 1766; x_wconf 92' lang='lat' dir='ltr'>quia</span> <span class='ocrx_word' id='word_1_92' title='bbox 417 1688 483 1740; x_wconf 91' lang='lat' dir='ltr'>tute</span> <span class='ocrx_word' id='word_1_93' title='bbox 506 1671 565 1736; x_wconf 92' lang='lat' dir='ltr'>tibi</span> <span class='ocrx_word' id='word_1_94' title='bbox 582 1670 709 1754; x_wconf 88' lang='lat' dir='ltr'>placida</span> <span class='ocrx_word' id='word_1_95' title='bbox 727 1692 798 1733; x_wconf 90' lang='lat' dir='ltr'>cum</span> <span class='ocrx_word' id='word_1_96' title='bbox 816 1690 895 1751; x_wconf 87' lang='lat' dir='ltr'>pace</span> <span class='ocrx_word' id='word_1_97' title='bbox 918 1667 1044 1754; x_wconf 91' lang='lat' dir='ltr'>quietos</span> 
     </span>
     <span class='ocr_line' id='line_1_16' title="bbox 243 1770 1039 1860; baseline -0.023 -9"><span class='ocrx_word' id='word_1_98' title='bbox 243 1770 436 1851; x_wconf 60' lang='lat' dir='ltr'>Constitues&#39;</span> <span class='ocrx_word' id='word_1_99' title='bbox 453 1795 586 1860; x_wconf 80' lang='lat' dir='ltr'>niagnos</span> <span class='ocrx_word' id='word_1_100' title='bbox 607 1772 727 1836; x_wconf 85' lang='lat' dir='ltr'>irarum</span> <span class='ocrx_word' id='word_1_101' title='bbox 750 1771 885 1836; x_wconf 86' lang='lat' dir='ltr'>volvere</span> <span class='ocrx_word' id='word_1_102' title='bbox 905 1771 1039 1846; x_wconf 81' lang='lat' dir='ltr'>flnctus3</span> 
     </span>
     <span class='ocr_line' id='line_1_17' title="bbox 182 1871 1124 1958; baseline -0.018 -5"><span class='ocrx_word' id='word_1_103' title='bbox 182 1890 185 1900; x_wconf 91' lang='lat'>&#39;</span> <span class='ocrx_word' id='word_1_104' title='bbox 240 1890 312 1952; x_wconf 88' lang='lat' dir='ltr'>Nec</span> <span class='ocrx_word' id='word_1_105' title='bbox 334 1885 467 1947; x_wconf 87' lang='lat' dir='ltr'>delubra</span> <span class='ocrx_word' id='word_1_106' title='bbox 489 1882 580 1941; x_wconf 77' lang='lat' dir='ltr'>deum</span> <span class='ocrx_word' id='word_1_107' title='bbox 602 1873 731 1958; x_wconf 89' lang='lat' dir='ltr'>placido</span> <span class='ocrx_word' id='word_1_108' title='bbox 755 1896 824 1936; x_wconf 90' lang='lat' dir='ltr'>cum</span> <span class='ocrx_word' id='word_1_109' title='bbox 848 1885 980 1957; x_wconf 89' lang='lat' dir='ltr'>pectore</span> <span class='ocrx_word' id='word_1_110' title='bbox 1004 1871 1124 1948; x_wconf 87' lang='lat' dir='ltr'>adibis,</span> 
     </span>
     <span class='ocr_line' id='line_1_18' title="bbox 241 1975 1154 2064; baseline -0.016 -11"><span class='ocrx_word' id='word_1_111' title='bbox 241 1992 328 2063; x_wconf 90' lang='lat' dir='ltr'>Nec,</span> <span class='ocrx_word' id='word_1_112' title='bbox 354 1990 391 2049; x_wconf 89' lang='lat' dir='ltr'>de</span> <span class='ocrx_word' id='word_1_113' title='bbox 415 2000 556 2064; x_wconf 87' lang='lat' dir='ltr'>corpore</span> <span class='ocrx_word' id='word_1_114' title='bbox 579 1999 661 2061; x_wconf 85' lang='lat' dir='ltr'>quae</span> <span class='ocrx_word' id='word_1_115' title='bbox 684 1987 794 2040; x_wconf 90' lang='lat' dir='ltr'>saneto</span> <span class='ocrx_word' id='word_1_116' title='bbox 817 1975 986 2038; x_wconf 89' lang='lat' dir='ltr'>simulacra</span> <span class='ocrx_word' id='word_1_117' title='bbox 1007 1975 1154 2039; x_wconf 82' lang='lat' dir='ltr'>seruntur</span> 
     </span>
     <span class='ocr_line' id='line_1_19' title="bbox 242 2077 1062 2154; baseline -0.017 0"><span class='ocrx_word' id='word_1_118' title='bbox 242 2093 281 2154; x_wconf 91' lang='lat' dir='ltr'>ln</span> <span class='ocrx_word' id='word_1_119' title='bbox 304 2085 436 2154; x_wconf 88' lang='lat' dir='ltr'>menteis</span> <span class='ocrx_word' id='word_1_120' title='bbox 459 2080 622 2146; x_wconf 89' lang='lat' dir='ltr'>homiuum</span> <span class='ocrx_word' id='word_1_121' title='bbox 647 2077 772 2142; x_wconf 89' lang='lat' dir='ltr'>divinae</span> <span class='ocrx_word' id='word_1_122' title='bbox 791 2077 899 2141; x_wconf 86' lang='lat' dir='ltr'>nuntia</span> <span class='ocrx_word' id='word_1_123' title='bbox 917 2077 1062 2153; x_wconf 85' lang='lat' dir='ltr'>formae,</span> 
     </span>
     <span class='ocr_line' id='line_1_20' title="bbox 242 2179 1082 2272; baseline -0.018 -15"><span class='ocrx_word' id='word_1_124' title='bbox 242 2191 413 2272; x_wconf 85' lang='lat' dir='ltr'>Suscipere</span> <span class='ocrx_word' id='word_1_125' title='bbox 435 2190 514 2250; x_wconf 88' lang='lat' dir='ltr'>haee</span> <span class='ocrx_word' id='word_1_126' title='bbox 537 2182 633 2246; x_wconf 87' lang='lat' dir='ltr'>animi</span> <span class='ocrx_word' id='word_1_127' title='bbox 653 2179 826 2265; x_wconf 88' lang='lat' dir='ltr'>tranquilla</span> <span class='ocrx_word' id='word_1_128' title='bbox 848 2201 927 2261; x_wconf 87' lang='lat' dir='ltr'>pace</span> <span class='ocrx_word' id='word_1_129' title='bbox 947 2179 1082 2242; x_wconf 89' lang='lat' dir='ltr'>valebis.</span> 
     </span>
    </p>

    <p class='ocr_par' dir='ltr' id='par_1_4' title="bbox 304 2281 1114 2369">
     <span class='ocr_line' id='line_1_21' title="bbox 304 2281 1114 2369; baseline -0.015 -13"><span class='ocrx_word' id='word_1_130' title='bbox 304 2294 385 2357; x_wconf 89' lang='lat' dir='ltr'>Inde</span> <span class='ocrx_word' id='word_1_131' title='bbox 407 2290 516 2352; x_wconf 87' lang='lat' dir='ltr'>videre</span> <span class='ocrx_word' id='word_1_132' title='bbox 536 2285 629 2362; x_wconf 91' lang='lat' dir='ltr'>licet,</span> <span class='ocrx_word' id='word_1_133' title='bbox 653 2283 755 2369; x_wconf 88' lang='lat' dir='ltr'>qualis</span> <span class='ocrx_word' id='word_1_134' title='bbox 774 2281 836 2344; x_wconf 84' lang='lat' dir='ltr'>iam</span> <span class='ocrx_word' id='word_1_135' title='bbox 858 2281 922 2344; x_wconf 88' lang='lat' dir='ltr'>vita</span> <span class='ocrx_word' id='word_1_136' title='bbox 946 2293 1114 2366; x_wconf 87' lang='lat' dir='ltr'>sequatur;</span> 
     </span>
    </p>
   </div>
   <div class='ocr_carea' id='block_1_3' title="bbox 192 2383 1126 2670">
    <p class='ocr_par' dir='ltr' id='par_1_5' title="bbox 192 2383 1126 2670">
     <span class='ocr_line' id='line_1_22' title="bbox 192 2383 1118 2480; baseline -0.013 -20"><span class='ocrx_word' id='word_1_137' title='bbox 192 2397 197 2404; x_wconf 79' lang='grc'><strong>’</strong></span> <span class='ocrx_word' id='word_1_138' title='bbox 242 2400 344 2479; x_wconf 88' lang='lat' dir='ltr'>Quam</span> <span class='ocrx_word' id='word_1_139' title='bbox 364 2392 489 2480; x_wconf 89' lang='lat' dir='ltr'>quidem</span> <span class='ocrx_word' id='word_1_140' title='bbox 509 2403 579 2452; x_wconf 90' lang='lat' dir='ltr'>uta</span> <span class='ocrx_word' id='word_1_141' title='bbox 601 2385 697 2452; x_wconf 92' lang='lat' dir='ltr'>nobis</span> <span class='ocrx_word' id='word_1_142' title='bbox 718 2383 802 2448; x_wconf 89' lang='lat' dir='ltr'>ratio</span> <span class='ocrx_word' id='word_1_143' title='bbox 824 2383 998 2448; x_wconf 75' lang='lat' dir='ltr'>verissume</span> <span class='ocrx_word' id='word_1_144' title='bbox 1019 2385 1118 2469; x_wconf 85' lang='lat' dir='ltr'>longe</span> 
     </span>
     <span class='ocr_line' id='line_1_23' title="bbox 240 2486 1126 2580; baseline -0.015 -17"><span class='ocrx_word' id='word_1_145' title='bbox 240 2497 399 2572; x_wconf 82' lang='lat' dir='ltr'>Reiieiat,</span> <span class='ocrx_word' id='word_1_146' title='bbox 422 2513 613 2580; x_wconf 89' lang='lat' dir='ltr'>quamquam</span> <span class='ocrx_word' id='word_1_147' title='bbox 635 2499 745 2552; x_wconf 90' lang='lat' dir='ltr'>sunta</span> <span class='ocrx_word' id='word_1_148' title='bbox 768 2507 817 2550; x_wconf 91' lang='lat' dir='ltr'>me</span> <span class='ocrx_word' id='word_1_149' title='bbox 840 2486 938 2549; x_wconf 89' lang='lat' dir='ltr'>multa</span> <span class='ocrx_word' id='word_1_150' title='bbox 959 2487 1126 2568; x_wconf 86' lang='lat' dir='ltr'>profecta,</span> 
     </span>
     <span class='ocr_line' id='line_1_24' title="bbox 243 2587 1062 2670; baseline -0.02 -4"><span class='ocrx_word' id='word_1_151' title='bbox 243 2602 352 2666; x_wconf 90' lang='lat' dir='ltr'>Multa</span> <span class='ocrx_word' id='word_1_152' title='bbox 375 2609 478 2660; x_wconf 91' lang='lat' dir='ltr'>tamen</span> <span class='ocrx_word' id='word_1_153' title='bbox 500 2603 621 2658; x_wconf 86' lang='lat' dir='ltr'>restant</span> <span class='ocrx_word' id='word_1_154' title='bbox 642 2602 674 2656; x_wconf 92' lang='lat' dir='ltr'>et</span> <span class='ocrx_word' id='word_1_155' title='bbox 695 2599 765 2654; x_wconf 92' lang='lat' dir='ltr'>sunt</span> <span class='ocrx_word' id='word_1_156' title='bbox 788 2591 929 2653; x_wconf 86' lang='lat' dir='ltr'>ornanda</span> <span class='ocrx_word' id='word_1_157' title='bbox 951 2587 1062 2670; x_wconf 91' lang='lat' dir='ltr'>politis</span> 
     </span>
    </p>
   </div>
   <div class='ocr_carea' id='block_1_4' title="bbox 180 2798 1360 4325">
    <p class='ocr_par' dir='ltr' id='par_1_6' title="bbox 180 2798 1360 4325">
     <span class='ocr_line' id='line_1_25' title="bbox 294 2798 1359 2857; baseline -0.01 -2"><span class='ocrx_word' id='word_1_158' title='bbox 294 2809 335 2856; x_wconf 78' lang='grc'><strong>64.</strong></span> <span class='ocrx_word' id='word_1_159' title='bbox 356 2808 460 2852; x_wconf 81' lang='lat' dir='ltr'>miserie</span> <span class='ocrx_word' id='word_1_160' title='bbox 474 2806 549 2850; x_wconf 80' lang='lat' dir='ltr'>cour.</span> <span class='ocrx_word' id='word_1_161' title='bbox 566 2802 590 2848; x_wconf 85' lang='lat'><strong>3.</strong></span> <span class='ocrx_word' id='word_1_162' title='bbox 606 2803 685 2857; x_wconf 78' lang='lat' dir='ltr'>(etiam</span> <span class='ocrx_word' id='word_1_163' title='bbox 700 2800 741 2854; x_wconf 90' lang='lat' dir='ltr'><strong>C.)</strong></span> <span class='ocrx_word' id='word_1_164' title='bbox 754 2803 821 2846; x_wconf 83' lang='lat' dir='ltr'>Brir.</span> <span class='ocrx_word' id='word_1_165' title='bbox 835 2803 895 2845; x_wconf 85' lang='lat' dir='ltr'>Ver.</span> <span class='ocrx_word' id='word_1_166' title='bbox 909 2803 971 2844; x_wconf 85' lang='lat' dir='ltr'>Ven.</span> <span class='ocrx_word' id='word_1_167' title='bbox 985 2801 1027 2843; x_wconf 88' lang='lat' dir='ltr'>W.</span> <span class='ocrx_word' id='word_1_168' title='bbox 1045 2805 1129 2844; x_wconf 81' lang='lat' dir='ltr'>contra</span> <span class='ocrx_word' id='word_1_169' title='bbox 1142 2800 1186 2843; x_wconf 86' lang='lat' dir='ltr'>Cd.</span> <span class='ocrx_word' id='word_1_170' title='bbox 1198 2799 1228 2844; x_wconf 82' lang='lat' dir='ltr'><strong>E.</strong></span> <span class='ocrx_word' id='word_1_171' title='bbox 1268 2798 1309 2846; x_wconf 79' lang='lat'><strong>67.</strong></span> <span class='ocrx_word' id='word_1_172' title='bbox 1323 2802 1359 2844; x_wconf 81' lang='lat' dir='ltr'>Ite</span> 
     </span>
     <span class='ocr_line' id='line_1_26' title="bbox 237 2867 1360 2934; baseline -0.016 -8"><span class='ocrx_word' id='word_1_173' title='bbox 237 2882 314 2926; x_wconf 85' lang='lat' dir='ltr'>Godd.</span> <span class='ocrx_word' id='word_1_174' title='bbox 329 2879 436 2934; x_wconf 89' lang='lat' dir='ltr'>plerique</span> <span class='ocrx_word' id='word_1_175' title='bbox 445 2877 534 2932; x_wconf 81' lang='lat' dir='ltr'>¹(eliam</span> <span class='ocrx_word' id='word_1_176' title='bbox 542 2869 623 2928; x_wconf 70' lang='lat' dir='ltr'><strong>(LE.)</strong></span> <span class='ocrx_word' id='word_1_177' title='bbox 635 2873 696 2916; x_wconf 86' lang='lat' dir='ltr'>Edd.</span> <span class='ocrx_word' id='word_1_178' title='bbox 711 2870 816 2914; x_wconf 67' lang='lat' dir='ltr'>vettllr.</span> <span class='ocrx_word' id='word_1_179' title='bbox 832 2894 862 2903; x_wconf 95' lang='lat'><em>-</em></span> <span class='ocrx_word' id='word_1_180' title='bbox 880 2875 931 2913; x_wconf 83' lang='lat' dir='ltr'>tota</span> <span class='ocrx_word' id='word_1_181' title='bbox 943 2871 1040 2912; x_wconf 77' lang='lat' dir='ltr'>ratione</span> <span class='ocrx_word' id='word_1_182' title='bbox 1054 2870 1083 2912; x_wconf 77' lang='lat' dir='ltr'><strong>A.</strong></span> <span class='ocrx_word' id='word_1_183' title='bbox 1100 2869 1129 2913; x_wconf 88' lang='lat' dir='ltr'>L.</span> <span class='ocrx_word' id='word_1_184' title='bbox 1146 2867 1169 2913; x_wconf 88' lang='lat'><strong>1.</strong></span> <span class='ocrx_word' id='word_1_185' title='bbox 1185 2869 1235 2914; x_wconf 84' lang='lat' dir='ltr'>Gii.</span> <span class='ocrx_word' id='word_1_186' title='bbox 1256 2893 1289 2903; x_wconf 89' lang='lat'><em>-</em></span> <span class='ocrx_word' id='word_1_187' title='bbox 1308 2875 1360 2914; x_wconf 77' lang='lat' dir='ltr'>tota</span> 
     </span>
     <span class='ocr_line' id='line_1_27' title="bbox 238 2936 1356 3010; baseline -0.011 -15"><span class='ocrx_word' id='word_1_188' title='bbox 238 2951 343 3010; x_wconf 83' lang='lat' dir='ltr'>regione</span> <span class='ocrx_word' id='word_1_189' title='bbox 364 2947 393 2992; x_wconf 87' lang='lat' dir='ltr'>L.</span> <span class='ocrx_word' id='word_1_190' title='bbox 415 2943 440 2989; x_wconf 80' lang='lat'><strong>2.</strong></span> <span class='ocrx_word' id='word_1_191' title='bbox 463 2945 493 2989; x_wconf 88' lang='lat' dir='ltr'>H.</span> <span class='ocrx_word' id='word_1_192' title='bbox 514 2967 546 2976; x_wconf 91' lang='lat'>—</span> <span class='ocrx_word' id='word_1_193' title='bbox 565 2946 615 2985; x_wconf 80' lang='lat' dir='ltr'>totu</span> <span class='ocrx_word' id='word_1_194' title='bbox 634 2955 649 2982; x_wconf 86' lang='lat' dir='ltr'>u</span> <span class='ocrx_word' id='word_1_195' title='bbox 665 2939 764 3000; x_wconf 69' lang='lat' dir='ltr'>ratione</span> <span class='ocrx_word' id='word_1_196' title='bbox 779 2944 805 2982; x_wconf 91' lang='lat' dir='ltr'>ut</span> <span class='ocrx_word' id='word_1_197' title='bbox 823 2936 852 2994; x_wconf 85' lang='lat'>5,</span> <span class='ocrx_word' id='word_1_198' title='bbox 876 2936 918 2983; x_wconf 80' lang='lat'><strong>23.</strong></span> <span class='ocrx_word' id='word_1_199' title='bbox 941 2939 1019 2982; x_wconf 88' lang='lat' dir='ltr'>Benll.</span> <span class='ocrx_word' id='word_1_200' title='bbox 1077 2936 1118 2986; x_wconf 71' lang='lat'>69.</span> <span class='ocrx_word' id='word_1_201' title='bbox 1145 2937 1258 2994; x_wconf 77' lang='lat' dir='ltr'>putando</span> <span class='ocrx_word' id='word_1_202' title='bbox 1275 2940 1304 2984; x_wconf 92' lang='lat' dir='ltr'>L.</span> <span class='ocrx_word' id='word_1_203' title='bbox 1325 2940 1356 2983; x_wconf 88' lang='lat' dir='ltr'>ll.</span> 
     </span>
     <span class='ocr_line' id='line_1_28' title="bbox 240 3007 1357 3065; baseline -0.011 -1"><span class='ocrx_word' id='word_1_204' title='bbox 240 3019 282 3065; x_wconf 80' lang='lat'><strong>70.</strong></span> <span class='ocrx_word' id='word_1_205' title='bbox 303 3017 428 3063; x_wconf 82' lang='lat' dir='ltr'>delibrctn</span> <span class='ocrx_word' id='word_1_206' title='bbox 446 3013 474 3058; x_wconf 92' lang='lat' dir='ltr'><strong>L.</strong></span> <span class='ocrx_word' id='word_1_207' title='bbox 531 3008 578 3056; x_wconf 62' lang='lat'><strong>71..</strong></span> <span class='ocrx_word' id='word_1_208' title='bbox 593 3008 697 3053; x_wconf 75' lang='lat' dir='ltr'>oberunt</span> <span class='ocrx_word' id='word_1_209' title='bbox 709 3009 751 3053; x_wconf 90' lang='lat' dir='ltr'>W.</span> <span class='ocrx_word' id='word_1_210' title='bbox 765 3009 828 3052; x_wconf 88' lang='lat' dir='ltr'>coni.</span> <span class='ocrx_word' id='word_1_211' title='bbox 849 3031 881 3042; x_wconf 89' lang='lat'><em>-</em></span> <span class='ocrx_word' id='word_1_212' title='bbox 899 3007 1006 3052; x_wconf 83' lang='lat' dir='ltr'>oderunt</span> <span class='ocrx_word' id='word_1_213' title='bbox 1019 3007 1095 3051; x_wconf 90' lang='lat' dir='ltr'>Codd.</span> <span class='ocrx_word' id='word_1_214' title='bbox 1110 3007 1151 3064; x_wconf 89' lang='lat' dir='ltr'><strong>(C.</strong></span> <span class='ocrx_word' id='word_1_215' title='bbox 1166 3007 1208 3062; x_wconf 86' lang='grc' dir='ltr'><strong>Ε.)</strong></span> <span class='ocrx_word' id='word_1_216' title='bbox 1222 3008 1284 3054; x_wconf 86' lang='lat' dir='ltr'>Edd.</span> <span class='ocrx_word' id='word_1_217' title='bbox 1298 3013 1357 3052; x_wconf 85' lang='lat' dir='ltr'>vett.</span> 
     </span>
     <span class='ocr_line' id='line_1_29' title="bbox 237 3077 1359 3134; baseline -0.004 -10"><span class='ocrx_word' id='word_1_218' title='bbox 237 3113 270 3124; x_wconf 88' lang='lat'><strong>...</strong></span> <span class='ocrx_word' id='word_1_219' title='bbox 289 3087 398 3132; x_wconf 83' lang='lat' dir='ltr'>aderunt</span> <span class='ocrx_word' id='word_1_220' title='bbox 415 3084 460 3128; x_wconf 77' lang='lat' dir='ltr'>Ar.</span> <span class='ocrx_word' id='word_1_221' title='bbox 481 3083 512 3124; x_wconf 82' lang='lat' dir='ltr'>ll.</span> <span class='ocrx_word' id='word_1_222' title='bbox 532 3079 655 3134; x_wconf 81' lang='lat' dir='ltr'>„oberrant</span> <span class='ocrx_word' id='word_1_223' title='bbox 672 3078 689 3121; x_wconf 89' lang='lat' dir='ltr'>i.</span> <span class='ocrx_word' id='word_1_224' title='bbox 709 3091 731 3121; x_wconf 90' lang='lat' dir='ltr'>e.</span> <span class='ocrx_word' id='word_1_225' title='bbox 752 3077 783 3120; x_wconf 93' lang='lat' dir='ltr'>ob</span> <span class='ocrx_word' id='word_1_226' title='bbox 802 3089 829 3119; x_wconf 87' lang='lat' dir='ltr'>os</span> <span class='ocrx_word' id='word_1_227' title='bbox 849 3077 892 3121; x_wconf 89' lang='lat' dir='ltr'>libi</span> <span class='ocrx_word' id='word_1_228' title='bbox 911 3082 980 3121; x_wconf 88' lang='lat' dir='ltr'>erunt</span> <span class='ocrx_word' id='word_1_229' title='bbox 999 3082 1023 3122; x_wconf 88' lang='lat' dir='ltr'>et</span> <span class='ocrx_word' id='word_1_230' title='bbox 1043 3079 1110 3134; x_wconf 85' lang='lat' dir='ltr'>quasi</span> <span class='ocrx_word' id='word_1_231' title='bbox 1128 3077 1263 3121; x_wconf 78' lang='lat' dir='ltr'>minitantia</span> <span class='ocrx_word' id='word_1_232' title='bbox 1280 3077 1359 3121; x_wconf 85' lang='lat' dir='ltr'>vultus</span> 
     </span>
     <span class='ocr_line' id='line_1_30' title="bbox 237 3145 1357 3209; baseline -0.011 -7"><span class='ocrx_word' id='word_1_233' title='bbox 237 3169 322 3202; x_wconf 83' lang='lat' dir='ltr'>suevos</span> <span class='ocrx_word' id='word_1_234' title='bbox 341 3171 355 3199; x_wconf 84' lang='lat' dir='ltr'>a</span> <span class='ocrx_word' id='word_1_235' title='bbox 374 3154 433 3198; x_wconf 85' lang='lat' dir='ltr'>caeli</span> <span class='ocrx_word' id='word_1_236' title='bbox 452 3149 591 3209; x_wconf 80' lang='lat' dir='ltr'>regionibns</span> <span class='ocrx_word' id='word_1_237' title='bbox 610 3146 761 3191; x_wconf 88' lang='lat' dir='ltr'>ostendent.”</span> <span class='ocrx_word' id='word_1_238' title='bbox 785 3146 858 3190; x_wconf 80' lang='lat' dir='ltr'><strong>Wak.</strong></span> <span class='ocrx_word' id='word_1_239' title='bbox 896 3147 1008 3191; x_wconf 83' lang='lat' dir='ltr'>Ceterum</span> <span class='ocrx_word' id='word_1_240' title='bbox 1028 3145 1138 3191; x_wconf 79' lang='lat' dir='ltr'>delibuto</span> <span class='ocrx_word' id='word_1_241' title='bbox 1157 3161 1204 3190; x_wconf 90' lang='lat' dir='ltr'>nou</span> <span class='ocrx_word' id='word_1_242' title='bbox 1223 3145 1357 3205; x_wconf 77' lang='lat' dir='ltr'>significat,</span> 
     </span>
     <span class='ocr_line' id='line_1_31' title="bbox 237 3215 1359 3281; baseline -0.012 -10"><span class='ocrx_word' id='word_1_243' title='bbox 237 3233 262 3272; x_wconf 90' lang='lat' dir='ltr'>ut</span> <span class='ocrx_word' id='word_1_244' title='bbox 280 3226 371 3281; x_wconf 80' lang='lat' dir='ltr'>pulerit</span> <span class='ocrx_word' id='word_1_245' title='bbox 388 3221 520 3266; x_wconf 83' lang='lat' dir='ltr'>linebelius</span> <span class='ocrx_word' id='word_1_246' title='bbox 539 3215 732 3277; x_wconf 79' lang='lat' dir='ltr'>(geselemiilert)</span> <span class='ocrx_word' id='word_1_247' title='bbox 752 3216 909 3270; x_wconf 88' lang='lat' dir='ltr'>„irnminuta,</span> <span class='ocrx_word' id='word_1_248' title='bbox 930 3217 1052 3272; x_wconf 80' lang='lat' dir='ltr'>violata’&#39;,</span> <span class='ocrx_word' id='word_1_249' title='bbox 1082 3218 1123 3260; x_wconf 89' lang='lat' dir='ltr'>sed</span> <span class='ocrx_word' id='word_1_250' title='bbox 1142 3217 1267 3271; x_wconf 89' lang='lat' dir='ltr'>proprium</span> <span class='ocrx_word' id='word_1_251' title='bbox 1285 3215 1359 3274; x_wconf 80' lang='lat' dir='ltr'>signi-</span> 
     </span>
     <span class='ocr_line' id='line_1_32' title="bbox 234 3283 1358 3350; baseline -0.02 -9"><span class='ocrx_word' id='word_1_252' title='bbox 234 3296 331 3342; x_wconf 83' lang='lat' dir='ltr'>ficatum</span> <span class='ocrx_word' id='word_1_253' title='bbox 350 3286 387 3338; x_wconf 84' lang='lat' dir='ltr'>hie</span> <span class='ocrx_word' id='word_1_254' title='bbox 407 3301 499 3350; x_wconf 86' lang='lat' dir='ltr'>quoqne</span> <span class='ocrx_word' id='word_1_255' title='bbox 517 3289 618 3341; x_wconf 86' lang='lat' dir='ltr'>retinet,</span> <span class='ocrx_word' id='word_1_256' title='bbox 645 3287 764 3340; x_wconf 83' lang='lat' dir='ltr'>„bausta,</span> <span class='ocrx_word' id='word_1_257' title='bbox 790 3286 926 3340; x_wconf 82' lang='lat' dir='ltr'>decerpta.”</span> <span class='ocrx_word' id='word_1_258' title='bbox 981 3283 1021 3330; x_wconf 82' lang='lat'>73.</span> <span class='ocrx_word' id='word_1_259' title='bbox 1053 3285 1248 3344; x_wconf 73' lang='lat' dir='ltr'>quietaeA.1„</span> <span class='ocrx_word' id='word_1_260' title='bbox 1273 3285 1303 3328; x_wconf 81' lang='grc' dir='ltr'>Η,</span> <span class='ocrx_word' id='word_1_261' title='bbox 1323 3308 1358 3318; x_wconf 85' lang='grc'><strong>.-</strong></span> 
     </span>
     <span class='ocr_line' id='line_1_33' title="bbox 235 3351 1359 3425; baseline -0.012 -15"><span class='ocrx_word' id='word_1_262' title='bbox 235 3367 333 3425; x_wconf 81' lang='lat' dir='ltr'>qnietus</span> <span class='ocrx_word' id='word_1_263' title='bbox 349 3364 425 3407; x_wconf 82' lang='lat' dir='ltr'>codd.</span> <span class='ocrx_word' id='word_1_264' title='bbox 440 3360 501 3404; x_wconf 83' lang='lat' dir='ltr'>Edd.</span> <span class='ocrx_word' id='word_1_265' title='bbox 517 3362 573 3402; x_wconf 85' lang='lat' dir='ltr'>vett.</span> <span class='ocrx_word' id='word_1_266' title='bbox 588 3358 633 3400; x_wconf 81' lang='lat' dir='ltr'>Ar.</span> <span class='ocrx_word' id='word_1_267' title='bbox 648 3357 690 3400; x_wconf 91' lang='lat' dir='ltr'>W.</span> <span class='ocrx_word' id='word_1_268' title='bbox 702 3354 814 3406; x_wconf 85' lang='lat' dir='ltr'>Eichst.,</span> <span class='ocrx_word' id='word_1_269' title='bbox 833 3355 873 3396; x_wconf 87' lang='lat' dir='ltr'>secl</span> <span class='ocrx_word' id='word_1_270' title='bbox 890 3354 935 3397; x_wconf 83' lang='lat' dir='ltr'>cir.</span> <span class='ocrx_word' id='word_1_271' title='bbox 949 3351 977 3406; x_wconf 87' lang='lat'>5,</span> <span class='ocrx_word' id='word_1_272' title='bbox 997 3352 1054 3400; x_wconf 78' lang='lat'><strong>169.</strong></span> <span class='ocrx_word' id='word_1_273' title='bbox 1112 3353 1153 3400; x_wconf 77' lang='lat'><strong>76.</strong></span> <span class='ocrx_word' id='word_1_274' title='bbox 1166 3351 1291 3412; x_wconf 85' lang='lat' dir='ltr'>seruntur</span> <span class='ocrx_word' id='word_1_275' title='bbox 1310 3367 1359 3398; x_wconf 82' lang='lat' dir='ltr'>nora</span> 
     </span>
     <span class='ocr_line' id='line_1_34' title="bbox 180 3423 1356 3487; baseline -0.013 -6"><span class='ocrx_word' id='word_1_276' title='bbox 180 3439 182 3442; x_wconf 81' lang='grc'><strong>’</strong></span> <span class='ocrx_word' id='word_1_277' title='bbox 235 3441 273 3481; x_wconf 90' lang='lat' dir='ltr'>est</span> <span class='ocrx_word' id='word_1_278' title='bbox 288 3436 363 3487; x_wconf 80' lang='lat' dir='ltr'>haec,</span> <span class='ocrx_word' id='word_1_279' title='bbox 384 3437 410 3475; x_wconf 89' lang='lat' dir='ltr'>ut</span> <span class='ocrx_word' id='word_1_280' title='bbox 426 3431 468 3474; x_wconf 91' lang='lat' dir='ltr'>W.</span> <span class='ocrx_word' id='word_1_281' title='bbox 486 3428 642 3484; x_wconf 80' lang='lat' dir='ltr'>opinabatur,</span> <span class='ocrx_word' id='word_1_282' title='bbox 663 3426 700 3470; x_wconf 91' lang='lat' dir='ltr'>Pii</span> <span class='ocrx_word' id='word_1_283' title='bbox 719 3426 737 3472; x_wconf 86' lang='lat' dir='ltr'>i.</span> <span class='ocrx_word' id='word_1_284' title='bbox 757 3438 779 3467; x_wconf 91' lang='lat' dir='ltr'>e.</span> <span class='ocrx_word' id='word_1_285' title='bbox 798 3423 896 3467; x_wconf 79' lang='lat' dir='ltr'>Aveucii</span> <span class='ocrx_word' id='word_1_286' title='bbox 912 3424 1060 3477; x_wconf 81' lang='lat' dir='ltr'>emendatio,</span> <span class='ocrx_word' id='word_1_287' title='bbox 1081 3425 1123 3466; x_wconf 88' lang='lat' dir='ltr'>sed</span> <span class='ocrx_word' id='word_1_288' title='bbox 1136 3424 1209 3468; x_wconf 86' lang='lat' dir='ltr'>lertio</span> <span class='ocrx_word' id='word_1_289' title='bbox 1223 3424 1268 3466; x_wconf 86' lang='lat' dir='ltr'>Ed.</span> <span class='ocrx_word' id='word_1_290' title='bbox 1287 3423 1356 3466; x_wconf 80' lang='lat' dir='ltr'>brix.</span> 
     </span>
     <span class='ocr_line' id='line_1_35' title="bbox 234 3489 1357 3560; baseline -0.012 -13"><span class='ocrx_word' id='word_1_291' title='bbox 234 3503 351 3560; x_wconf 59' lang='lat' dir='ltr'>(ne-H.)</span> <span class='ocrx_word' id='word_1_292' title='bbox 371 3515 442 3559; x_wconf 82' lang='lat' dir='ltr'>quarn</span> <span class='ocrx_word' id='word_1_293' title='bbox 461 3499 618 3543; x_wconf 83' lang='lat' dir='ltr'>restituimus.</span> <span class='ocrx_word' id='word_1_294' title='bbox 639 3521 672 3530; x_wconf 93' lang='lat'>—</span> <span class='ocrx_word' id='word_1_295' title='bbox 691 3496 751 3539; x_wconf 85' lang='lat' dir='ltr'>Ver.</span> <span class='ocrx_word' id='word_1_296' title='bbox 771 3495 850 3536; x_wconf 77' lang='lat' dir='ltr'>veu.;</span> <span class='ocrx_word' id='word_1_297' title='bbox 864 3489 970 3550; x_wconf 81' lang='lat' dir='ltr'>serrant,</span> <span class='ocrx_word' id='word_1_298' title='bbox 993 3505 1021 3536; x_wconf 81' lang='lat' dir='ltr'>ex</span> <span class='ocrx_word' id='word_1_299' title='bbox 1046 3493 1179 3547; x_wconf 84' lang='lat' dir='ltr'>scripturae</span> <span class='ocrx_word' id='word_1_300' title='bbox 1198 3493 1357 3548; x_wconf 84' lang='lat' dir='ltr'>corupendio,</span> 
     </span>
     <span class='ocr_line' id='line_1_36' title="bbox 236 3557 1359 3633; baseline -0.012 -14"><span class='ocrx_word' id='word_1_301' title='bbox 236 3565 303 3633; x_wconf 71' lang='lat' dir='ltr'>qnod&#39;</span> <span class='ocrx_word' id='word_1_302' title='bbox 318 3585 389 3630; x_wconf 90' lang='lat' dir='ltr'>quum</span> <span class='ocrx_word' id='word_1_303' title='bbox 413 3575 491 3614; x_wconf 88' lang='lat' dir='ltr'>metro</span> <span class='ocrx_word' id='word_1_304' title='bbox 517 3579 652 3625; x_wconf 82' lang='lat' dir='ltr'>repugnare</span> <span class='ocrx_word' id='word_1_305' title='bbox 671 3565 795 3622; x_wconf 83' lang='lat' dir='ltr'>riderent,</span> <span class='ocrx_word' id='word_1_306' title='bbox 824 3566 992 3616; x_wconf 82' lang='lat' dir='ltr'>perverterunt</span> <span class='ocrx_word' id='word_1_307' title='bbox 1016 3563 1038 3606; x_wconf 91' lang='lat' dir='ltr'>in</span> <span class='ocrx_word' id='word_1_308' title='bbox 1056 3557 1165 3618; x_wconf 81' lang='lat' dir='ltr'>suerunt</span> <span class='ocrx_word' id='word_1_309' title='bbox 1184 3561 1213 3606; x_wconf 92' lang='lat' dir='ltr'><strong>C.</strong></span> <span class='ocrx_word' id='word_1_310' title='bbox 1233 3562 1263 3604; x_wconf 83' lang='lat' dir='ltr'><strong>E.</strong></span> <span class='ocrx_word' id='word_1_311' title='bbox 1284 3561 1359 3605; x_wconf 74' lang='lat' dir='ltr'>vind.</span> 
     </span>
     <span class='ocr_line' id='line_1_37' title="bbox 233 3627 1358 3697; baseline -0.014 -9"><span class='ocrx_word' id='word_1_312' title='bbox 233 3648 276 3690; x_wconf 91' lang='lat' dir='ltr'><strong>W.</strong></span> <span class='ocrx_word' id='word_1_313' title='bbox 284 3644 376 3687; x_wconf 85' lang='lat' dir='ltr'>Eielrst.</span> <span class='ocrx_word' id='word_1_314' title='bbox 397 3641 443 3684; x_wconf 87' lang='lat' dir='ltr'>Sed</span> <span class='ocrx_word' id='word_1_315' title='bbox 451 3635 576 3697; x_wconf 81' lang='lat' dir='ltr'>seruntur</span> <span class='ocrx_word' id='word_1_316' title='bbox 589 3635 647 3679; x_wconf 84' lang='lat' dir='ltr'>sutis</span> <span class='ocrx_word' id='word_1_317' title='bbox 660 3633 794 3677; x_wconf 81' lang='lat' dir='ltr'>defenditur</span> <span class='ocrx_word' id='word_1_318' title='bbox 807 3635 831 3674; x_wconf 84' lang='lat' dir='ltr'>et</span> <span class='ocrx_word' id='word_1_319' title='bbox 842 3630 947 3674; x_wconf 87' lang='lat' dir='ltr'>Lucretii</span> <span class='ocrx_word' id='word_1_320' title='bbox 962 3645 1029 3676; x_wconf 88' lang='lat' dir='ltr'>more</span> <span class='ocrx_word' id='word_1_321' title='bbox 1042 3627 1077 3691; x_wconf 76' lang='lat' dir='ltr'>(l,</span> <span class='ocrx_word' id='word_1_322' title='bbox 1090 3628 1148 3685; x_wconf 81' lang='lat'>177,</span> <span class='ocrx_word' id='word_1_323' title='bbox 1164 3627 1224 3683; x_wconf 76' lang='lat'>240,</span> <span class='ocrx_word' id='word_1_324' title='bbox 1237 3627 1286 3675; x_wconf 76' lang='lat'>328</span> <span class='ocrx_word' id='word_1_325' title='bbox 1297 3631 1358 3684; x_wconf 87' lang='lat' dir='ltr'>eet.)</span> 
     </span>
     <span class='ocr_line' id='line_1_38' title="bbox 221 3700 1356 3760; baseline -0.013 -2"><span class='ocrx_word' id='word_1_326' title='bbox 221 3721 258 3759; x_wconf 89' lang='lat' dir='ltr'>·et</span> <span class='ocrx_word' id='word_1_327' title='bbox 270 3715 396 3757; x_wconf 87' lang='lat' dir='ltr'>subiuncto</span> <span class='ocrx_word' id='word_1_328' title='bbox 409 3709 437 3752; x_wconf 80' lang='lat' dir='ltr'>in</span> <span class='ocrx_word' id='word_1_329' title='bbox 447 3707 567 3760; x_wconf 77' lang='lat' dir='ltr'>menteie,</span> <span class='ocrx_word' id='word_1_330' title='bbox 588 3705 612 3747; x_wconf 89' lang='lat' dir='ltr'>in</span> <span class='ocrx_word' id='word_1_331' title='bbox 625 3715 686 3759; x_wconf 89' lang='lat' dir='ltr'>quo,</span> <span class='ocrx_word' id='word_1_332' title='bbox 707 3703 782 3744; x_wconf 86' lang='lat' dir='ltr'>altera</span> <span class='ocrx_word' id='word_1_333' title='bbox 794 3700 895 3743; x_wconf 86' lang='lat' dir='ltr'>lectione</span> <span class='ocrx_word' id='word_1_334' title='bbox 908 3705 1016 3754; x_wconf 85' lang='lat' dir='ltr'>recepte,</span> <span class='ocrx_word' id='word_1_335' title='bbox 1031 3701 1119 3744; x_wconf 89' lang='lat' dir='ltr'>misere</span> <span class='ocrx_word' id='word_1_336' title='bbox 1136 3713 1189 3744; x_wconf 89' lang='lat' dir='ltr'>sese</span> <span class='ocrx_word' id='word_1_337' title='bbox 1206 3704 1302 3757; x_wconf 84' lang='lat' dir='ltr'>torquet</span> <span class='ocrx_word' id='word_1_338' title='bbox 1312 3700 1356 3743; x_wconf 91' lang='lat' dir='ltr'>W.</span> 
     </span>
     <span class='ocr_line' id='line_1_39' title="bbox 234 3761 1355 3838; baseline -0.013 -11"><span class='ocrx_word' id='word_1_339' title='bbox 234 3782 277 3828; x_wconf 89' lang='lat'>81.</span> <span class='ocrx_word' id='word_1_340' title='bbox 292 3777 410 3838; x_wconf 83' lang='lat' dir='ltr'>prosecta</span> <span class='ocrx_word' id='word_1_341' title='bbox 429 3791 482 3822; x_wconf 88' lang='lat' dir='ltr'>cum</span> <span class='ocrx_word' id='word_1_342' title='bbox 496 3776 556 3820; x_wconf 89' lang='lat' dir='ltr'>Cdd.</span> <span class='ocrx_word' id='word_1_343' title='bbox 577 3771 661 3830; x_wconf 86' lang='lat' dir='ltr'>(etiam</span> <span class='ocrx_word' id='word_1_344' title='bbox 671 3771 700 3815; x_wconf 90' lang='lat' dir='ltr'><strong>C.</strong></span> <span class='ocrx_word' id='word_1_345' title='bbox 714 3769 756 3825; x_wconf 83' lang='lat' dir='ltr'><strong>E.)</strong></span> <span class='ocrx_word' id='word_1_346' title='bbox 775 3769 818 3812; x_wconf 93' lang='lat' dir='ltr'>W.</span> <span class='ocrx_word' id='word_1_347' title='bbox 840 3766 870 3802; x_wconf 78' lang='grc'>-’-</span> <span class='ocrx_word' id='word_1_348' title='bbox 886 3767 990 3826; x_wconf 84' lang='lat' dir='ltr'>prosntu</span> <span class='ocrx_word' id='word_1_349' title='bbox 1009 3772 1037 3814; x_wconf 92' lang='lat' dir='ltr'>de</span> <span class='ocrx_word' id='word_1_350' title='bbox 1055 3770 1138 3812; x_wconf 70' lang='lat' dir='ltr'>Arreti</span> <span class='ocrx_word' id='word_1_351' title='bbox 1158 3770 1220 3812; x_wconf 88' lang='lat' dir='ltr'>coni.</span> <span class='ocrx_word' id='word_1_352' title='bbox 1241 3761 1270 3812; x_wconf 87' lang='lat' dir='ltr'><strong>L.</strong></span> <span class='ocrx_word' id='word_1_353' title='bbox 1294 3769 1355 3812; x_wconf 83' lang='lat' dir='ltr'>llas.</span> 
     </span>
     <span class='ocr_line' id='line_1_40' title="bbox 234 3839 1356 3897; baseline -0.015 -1"><span class='ocrx_word' id='word_1_354' title='bbox 234 3848 276 3897; x_wconf 75' lang='lat'><strong>33.</strong></span> <span class='ocrx_word' id='word_1_355' title='bbox 296 3853 331 3895; x_wconf 87' lang='lat' dir='ltr'>lta</span> <span class='ocrx_word' id='word_1_356' title='bbox 344 3864 398 3894; x_wconf 89' lang='lat' dir='ltr'>cum</span> <span class='ocrx_word' id='word_1_357' title='bbox 415 3848 469 3892; x_wconf 87' lang='lat' dir='ltr'>aliis</span> <span class='ocrx_word' id='word_1_358' title='bbox 482 3846 542 3890; x_wconf 87' lang='lat' dir='ltr'>Cdd.</span> <span class='ocrx_word' id='word_1_359' title='bbox 558 3845 629 3888; x_wconf 80' lang='lat' dir='ltr'>etium</span> <span class='ocrx_word' id='word_1_360' title='bbox 641 3853 708 3885; x_wconf 83' lang='lat' dir='ltr'>meus</span> <span class='ocrx_word' id='word_1_361' title='bbox 721 3840 751 3884; x_wconf 91' lang='lat' dir='ltr'><strong>G.</strong></span> <span class='ocrx_word' id='word_1_362' title='bbox 779 3839 825 3882; x_wconf 88' lang='lat' dir='ltr'>Sed</span> <span class='ocrx_word' id='word_1_363' title='bbox 838 3839 898 3882; x_wconf 86' lang='lat' dir='ltr'>Edd.</span> <span class='ocrx_word' id='word_1_364' title='bbox 915 3843 970 3882; x_wconf 88' lang='lat' dir='ltr'>vett.</span> <span class='ocrx_word' id='word_1_365' title='bbox 982 3839 1026 3882; x_wconf 77' lang='lat' dir='ltr'>dv.</span> <span class='ocrx_word' id='word_1_366' title='bbox 1038 3839 1067 3883; x_wconf 88' lang='lat' dir='ltr'>L.</span> <span class='ocrx_word' id='word_1_367' title='bbox 1080 3839 1110 3882; x_wconf 87' lang='lat' dir='ltr'><strong>H.</strong></span> <span class='ocrx_word' id='word_1_368' title='bbox 1130 3839 1196 3882; x_wconf 77' lang='lat' dir='ltr'>ratio</span> <span class='ocrx_word' id='word_1_369' title='bbox 1215 3839 1281 3882; x_wconf 84' lang='lat' dir='ltr'>cneii</span> <span class='ocrx_word' id='word_1_370' title='bbox 1298 3850 1356 3894; x_wconf 82' lang='lat' dir='ltr'>epe-</span> 
     </span>
     <span class='ocr_line' id='line_1_41' title="bbox 233 3907 1354 3978; baseline -0.011 -14"><span class='ocrx_word' id='word_1_371' title='bbox 233 3921 333 3978; x_wconf 74' lang='lat' dir='ltr'>cietque</span> <span class='ocrx_word' id='word_1_372' title='bbox 351 3917 468 3964; x_wconf 82' lang='lat' dir='ltr'>tenendo.</span> <span class='ocrx_word' id='word_1_373' title='bbox 497 3915 564 3958; x_wconf 86' lang='lat' dir='ltr'>Unde</span> <span class='ocrx_word' id='word_1_374' title='bbox 583 3914 642 3957; x_wconf 88' lang='lat' dir='ltr'>haec</span> <span class='ocrx_word' id='word_1_375' title='bbox 667 3910 793 3954; x_wconf 81' lang='lat' dir='ltr'>diversitas</span> <span class='ocrx_word' id='word_1_376' title='bbox 812 3910 918 3960; x_wconf 79' lang='lat' dir='ltr'>venerit,</span> <span class='ocrx_word' id='word_1_377' title='bbox 947 3912 1011 3962; x_wconf 85' lang='lat' dir='ltr'>patet</span> <span class='ocrx_word' id='word_1_378' title='bbox 1030 3923 1041 3951; x_wconf 89' lang='lat' dir='ltr'>e</span> <span class='ocrx_word' id='word_1_379' title='bbox 1062 3907 1168 3960; x_wconf 81' lang='lat' dir='ltr'>Cd.li.,</span> <span class='ocrx_word' id='word_1_380' title='bbox 1197 3908 1235 3963; x_wconf 86' lang='lat' dir='ltr'>qui</span> <span class='ocrx_word' id='word_1_381' title='bbox 1255 3919 1354 3952; x_wconf 78' lang='lat' dir='ltr'>mente:</span> 
     </span>
     <span class='ocr_line' id='line_1_42' title="bbox 232 3976 1354 4046; baseline -0.012 -14"><span class='ocrx_word' id='word_1_382' title='bbox 232 3989 298 4033; x_wconf 78' lang='lat' dir='ltr'>ratio</span> <span class='ocrx_word' id='word_1_383' title='bbox 317 3989 429 4046; x_wconf 82' lang='lat' dir='ltr'>coelique</span> <span class='ocrx_word' id='word_1_384' title='bbox 454 3982 569 4030; x_wconf 76' lang='lat' dir='ltr'>tenenda.</span> <span class='ocrx_word' id='word_1_385' title='bbox 602 3981 741 4024; x_wconf 86' lang='lat' dir='ltr'>Huiusmodi</span> <span class='ocrx_word' id='word_1_386' title='bbox 761 3978 879 4023; x_wconf 83' lang='lat' dir='ltr'>deiectum</span> <span class='ocrx_word' id='word_1_387' title='bbox 899 3979 1067 4031; x_wconf 81' lang='lat' dir='ltr'>suppleverunt</span> <span class='ocrx_word' id='word_1_388' title='bbox 1085 3977 1177 4020; x_wconf 87' lang='lat' dir='ltr'>intruso</span> <span class='ocrx_word' id='word_1_389' title='bbox 1196 3989 1219 4020; x_wconf 84' lang='grc' dir='ltr'><strong>ν.</strong></span> <span class='ocrx_word' id='word_1_390' title='bbox 1240 3976 1354 4032; x_wconf 82' lang='lat' dir='ltr'>specics,</span> 
     </span>
     <span class='ocr_line' id='line_1_43' title="bbox 232 4043 1355 4116; baseline -0.011 -14"><span class='ocrx_word' id='word_1_391' title='bbox 232 4057 319 4116; x_wconf 89' lang='lat' dir='ltr'>quibus</span> <span class='ocrx_word' id='word_1_392' title='bbox 340 4058 418 4100; x_wconf 81' lang='lat' dir='ltr'>aditus</span> <span class='ocrx_word' id='word_1_393' title='bbox 436 4057 465 4099; x_wconf 83' lang='lat' dir='ltr'>ad</span> <span class='ocrx_word' id='word_1_394' title='bbox 484 4052 629 4110; x_wconf 80' lang='lat' dir='ltr'>integriores</span> <span class='ocrx_word' id='word_1_395' title='bbox 649 4049 725 4094; x_wconf 87' lang='lat' dir='ltr'>libros</span> <span class='ocrx_word' id='word_1_396' title='bbox 744 4061 801 4102; x_wconf 88' lang='lat' dir='ltr'>eos,</span> <span class='ocrx_word' id='word_1_397' title='bbox 823 4048 863 4104; x_wconf 90' lang='lat' dir='ltr'>qui</span> <span class='ocrx_word' id='word_1_398' title='bbox 881 4043 999 4102; x_wconf 77' lang='lat' dir='ltr'>euperdm</span> <span class='ocrx_word' id='word_1_399' title='bbox 1019 4051 1146 4090; x_wconf 82' lang='lat' dir='ltr'>servarunt</span> <span class='ocrx_word' id='word_1_400' title='bbox 1154 4076 1160 4100; x_wconf 89' lang='lat'>,</span> <span class='ocrx_word' id='word_1_401' title='bbox 1182 4059 1228 4088; x_wconf 90' lang='lat' dir='ltr'>uon</span> <span class='ocrx_word' id='word_1_402' title='bbox 1248 4045 1355 4100; x_wconf 76' lang='lat' dir='ltr'>patebat.</span> 
     </span>
     <span class='ocr_line' id='line_1_44' title="bbox 231 4113 1357 4183; baseline -0.014 -11"><span class='ocrx_word' id='word_1_403' title='bbox 231 4147 266 4160; x_wconf 93' lang='lat'>-</span> <span class='ocrx_word' id='word_1_404' title='bbox 277 4139 371 4183; x_wconf 78' lang='lat' dir='ltr'>supero</span> <span class='ocrx_word' id='word_1_405' title='bbox 385 4129 466 4170; x_wconf 78' lang='lat' dir='ltr'>sutem</span> <span class='ocrx_word' id='word_1_406' title='bbox 478 4124 502 4167; x_wconf 91' lang='lat' dir='ltr'><strong>h.</strong></span> <span class='ocrx_word' id='word_1_407' title='bbox 514 4125 531 4167; x_wconf 91' lang='grc' dir='ltr'><strong>Ι.</strong></span> <span class='ocrx_word' id='word_1_408' title='bbox 546 4134 585 4166; x_wconf 86' lang='lat' dir='ltr'>res</span> <span class='ocrx_word' id='word_1_409' title='bbox 598 4116 717 4174; x_wconf 80' lang='lat' dir='ltr'>superae,</span> <span class='ocrx_word' id='word_1_410' title='bbox 732 4120 863 4162; x_wconf 84' lang='lat' dir='ltr'>caelestes:</span> <span class='ocrx_word' id='word_1_411' title='bbox 879 4121 904 4160; x_wconf 91' lang='lat' dir='ltr'>ut</span> <span class='ocrx_word' id='word_1_412' title='bbox 916 4116 968 4159; x_wconf 84' lang='lat' dir='ltr'>Cic.</span> <span class='ocrx_word' id='word_1_413' title='bbox 983 4116 1014 4160; x_wconf 89' lang='lat' dir='ltr'>N.</span> <span class='ocrx_word' id='word_1_414' title='bbox 1028 4117 1058 4159; x_wconf 90' lang='lat' dir='ltr'><strong>D.</strong></span> <span class='ocrx_word' id='word_1_415' title='bbox 1074 4113 1103 4170; x_wconf 79' lang='lat'>2,</span> <span class='ocrx_word' id='word_1_416' title='bbox 1120 4113 1144 4159; x_wconf 90' lang='lat'><strong>6.</strong></span> <span class='ocrx_word' id='word_1_417' title='bbox 1163 4115 1249 4159; x_wconf 75' lang='lat' dir='ltr'>caesnia</span> <span class='ocrx_word' id='word_1_418' title='bbox 1261 4127 1357 4172; x_wconf 81' lang='lat' dir='ltr'>supera</span> 
     </span>
     <span class='ocr_line' id='line_1_45' title="bbox 232 4175 1356 4248; baseline -0.012 -8"><span class='ocrx_word' id='word_1_419' title='bbox 232 4195 416 4240; x_wconf 80' lang='lat' dir='ltr'>essemeliorn.</span> <span class='ocrx_word' id='word_1_420' title='bbox 473 4191 515 4236; x_wconf 87' lang='lat'><strong>85.</strong></span> <span class='ocrx_word' id='word_1_421' title='bbox 536 4203 645 4248; x_wconf 82' lang='lat' dir='ltr'>quaeque</span> <span class='ocrx_word' id='word_1_422' title='bbox 657 4189 687 4234; x_wconf 91' lang='lat'>1..</span> <span class='ocrx_word' id='word_1_423' title='bbox 701 4187 731 4231; x_wconf 85' lang='lat' dir='ltr'><strong>H.</strong></span> <span class='ocrx_word' id='word_1_424' title='bbox 787 4183 829 4232; x_wconf 80' lang='grc'><strong>87.</strong></span> <span class='ocrx_word' id='word_1_425' title='bbox 849 4187 1002 4243; x_wconf 79' lang='lat' dir='ltr'>(provenerit</span> <span class='ocrx_word' id='word_1_426' title='bbox 1017 4187 1061 4229; x_wconf 90' lang='lat' dir='ltr'><strong>W.</strong></span> <span class='ocrx_word' id='word_1_427' title='bbox 1081 4183 1157 4240; x_wconf 88' lang='lat' dir='ltr'>coni.)</span> <span class='ocrx_word' id='word_1_428' title='bbox 1190 4175 1193 4182; x_wconf 53' lang='lat'><strong>⁴</strong></span> <span class='ocrx_word' id='word_1_429' title='bbox 1213 4181 1254 4229; x_wconf 83' lang='lat'><strong>92.</strong></span> <span class='ocrx_word' id='word_1_430' title='bbox 1274 4183 1356 4227; x_wconf 77' lang='lat' dir='ltr'>culcis</span> 
     </span>
     <span class='ocr_line' id='line_1_46' title="bbox 232 4251 1353 4325; baseline -0.013 -15"><span class='ocrx_word' id='word_1_431' title='bbox 232 4266 361 4325; x_wconf 76' lang='lat' dir='ltr'>Egregium</span> <span class='ocrx_word' id='word_1_432' title='bbox 379 4263 440 4308; x_wconf 85' lang='lat' dir='ltr'>hauc</span> <span class='ocrx_word' id='word_1_433' title='bbox 460 4259 567 4306; x_wconf 83' lang='lat' dir='ltr'>&#39;l&#39;urnebi</span> <span class='ocrx_word' id='word_1_434' title='bbox 585 4259 649 4304; x_wconf 88' lang='lat' dir='ltr'>coni.</span> <span class='ocrx_word' id='word_1_435' title='bbox 664 4271 717 4302; x_wconf 89' lang='lat' dir='ltr'>cum</span> <span class='ocrx_word' id='word_1_436' title='bbox 733 4256 761 4300; x_wconf 93' lang='lat' dir='ltr'><strong>L.</strong></span> <span class='ocrx_word' id='word_1_437' title='bbox 777 4256 806 4300; x_wconf 85' lang='lat' dir='ltr'>ll.</span> <span class='ocrx_word' id='word_1_438' title='bbox 821 4255 965 4310; x_wconf 85' lang='lat' dir='ltr'>recepimus.</span> <span class='ocrx_word' id='word_1_439' title='bbox 983 4255 1059 4300; x_wconf 86' lang='lat' dir='ltr'>Codd.</span> <span class='ocrx_word' id='word_1_440' title='bbox 1078 4255 1156 4300; x_wconf 81' lang='lat' dir='ltr'>enneli</span> <span class='ocrx_word' id='word_1_441' title='bbox 1163 4285 1171 4308; x_wconf 88' lang='lat'>,</span> <span class='ocrx_word' id='word_1_442' title='bbox 1192 4255 1263 4299; x_wconf 78' lang='lat' dir='ltr'>etiarn</span> <span class='ocrx_word' id='word_1_443' title='bbox 1278 4252 1307 4296; x_wconf 85' lang='lat' dir='ltr'><strong>G.</strong></span> <span class='ocrx_word' id='word_1_444' title='bbox 1322 4251 1353 4295; x_wconf 84' lang='lat' dir='ltr'><strong>E.</strong></span> 
     </span>
    </p>
   </div>
   <div class='ocr_carea' id='block_1_5' title="bbox 0 0 1480 4826">
    <p class='ocr_par' dir='ltr' id='par_1_7' title="bbox 0 0 1480 4826">
     <span class='ocr_line' id='line_1_47' title="bbox 0 0 1480 4826; baseline 0 3"><span class='ocrx_word' id='word_1_445' title='bbox 0 0 1480 4826; x_wconf 95' lang='lat' dir='ltr'> </span> 
     </span>
    </p>
   </div>
  </div>
 </body>
</html>
