2964 4814
225 196 287 262 118

228 351 376 434 Unigeoa
395 348 560 430 impellens
582 344 764 409 nutantibus
788 343 1004 426 adrn'pennis'

292 449 420 514 Obtulit
441 447 601 513 Arsinoiis
625 445 792 511 Locridos
813 446 878 508 ales
896 467 1011 532 equos.

225 549 322 632 Isque
341 569 400 632 per
423 547 582 612 aetherias
604 569 652 612 me
674 547 790 611 tollens
813 546 921 610 avolat
946 549 1095 628 umbras
1305 551 1349 612 55

289 655 334 715 Et
357 649 495 714 Veneris
518 657 605 712 casto
629 650 780 714 conlocat
796 648 828 712 in
849 647 986 732 gremio.

227 755 300 836 Ipsa
324 773 412 814 suum
437 747 624 832 Zephyritis
646 771 685 814 eo
710 751 862 812 samolum
885 750 1026 834 legarat,

292 855 393 916 Grata
420 849 581 931 Canopeis
601 849 709 914 incola
733 851 899 924 litoribus,

228 953 360 1017 Scilicet
382 952 414 1014 in
436 951 528 1015 vario
549 973 588 1014 ne
610 951 712 1014 solum
735 951 833 1016 limite
851 951 931 1015 caeli
1001 1003 1003 1010 ,

292 1051 559 1118 Ex.Ariadnaeis
579 1074 674 1115 aurea
695 1053 895 1136 temporibus

229 1153 311 1219 fisa
335 1153 469 1222 Corona
490 1154 594 1229 foret,
618 1157 674 1216 sed
694 1176 753 1218 uos
776 1175 904 1239 quoque
926 1155 1123 1238 fulgeremus

291 1255 440 1319 Devotae
462 1254 538 1318 flavi
561 1255 691 1318 verticis
712 1255 860 1319 exuviae.

228 1487 296 1532 terre
315 1495 361 1530 non
381 1481 449 1529 terite
469 1487 581 1540 tottntm·;
602 1487 752 1542 rogitandum
770 1489 833 1529 enlin
852 1499 905 1530 esse
924 1493 970 1530 nou
990 1487 1195 1539 immortalem,
1215 1489 1257 1530 sed
1270 1487 1348 1531 Divae

229 1556 364 1599 ministerio
382 1561 472 1608 opium.
510 1554 616 1596 Sti-uthis
636 1559 729 1607 sutem,
757 1555 834 1612 pergit
851 1556 907 1607 ille,
933 1556 1068 1598 Memnonis
1088 1558 1203 1610 unigena,
1223 1556 1241 1598 i.
1262 1570 1284 1598 e.
1303 1569 1347 1613 ge·

228 1621 289 1668 nitus
310 1637 353 1666 uno
373 1623 469 1678 (Epith.
484 1623 535 1665 Pel.
550 1635 573 1665 r.
589 1617 659 1672 300.)
679 1623 924 1678 perliibetur,.quis,
944 1636 1015 1680 quum
1038 1624 1062 1666 in
1081 1636 1143 1680 rogo
1161 1625 1273 1666 Memnon
1293 1639 1347 1667 cre·

227 1697 348 1744 meretur,
370 1691 400 1734 ob
420 1703 502 1744 preces
521 1692 629 1734 suroris
649 1691 672 1734 in
691 1704 757 1734 nvem
771 1695 873 1734 mutatus
887 1697 937 1743 est,
959 1693 1057 1748 eiusque
1080 1692 1240 1736 mineribus
1256 1694 1348 1737 iiinltie

227 1761 297 1804 simul
311 1760 370 1804 eliae
382 1760 551 1812 evolaverunt,
573 1760 724 1802 Memnonios
737 1773 757 1803 s.
773 1761 938 1804 Memnonides
952 1761 1037 1802 dictes.
1053 1760 1122 1804 Orid.
1138 1762 1198 1804 Met.
1215 1757 1261 1812 13,
1284 1757 1346 1806 607.

229 1853 261 1862 -
280 1842 381 1872 sorores
400 1828 556 1879 innumerae,
577 1828 665 1884 quidni
691 1833 728 1870 eit
753 1828 838 1872 eadem
857 1829 951 1870 natalis
970 1829 1059 1885 origo,
1080 1829 1161 1872 cineri
1179 1835 1288 1887 cognatu
1306 1843 1347 1873 ee-

225 1899 295 1956 piilto
308 1910 424 1952 corpora.
455 1897 619 1940 Memnonides
638 1910 695 1940 voro
714 1910 768 1940 eves
789 1911 847 1954 ntiae
866 1897 963 1951 proprie
982 1898 1042 1948 sint,
1064 1911 1134 1953 quum
1154 1898 1214 1940 hond
1233 1904 1346 1942 scrurete

229 1965 364 2010 definierint
383 1965 487 2020 antiqui,
509 1966 565 2007 nihil
586 1979 642 2008 sune
662 1971 740 2012 vetere
759 1968 904 2018 arbitretur,
930 1979 975 2021 qno
995 1966 1073 2008 minus
1093 1967 1217 2020 Aethiopis
1235 1968 1347 2010 lllemno·

228 2036 264 2078 uis
285 2037 424 2092 unigenam,
444 2034 615 2086 struthionem,
636 2048 702 2077 erem
722 2037 777 2080 item
791 2034 956 2089 Aethiopicam
969 2034 1129 2077 Callimachus
1148 2037 1349 2088 iruiicupsvei·it.''

230 2109 262 2135 -’
280 2105 325 2146 Sed
346 2117 373 2147 ne
393 2103 446 2158 quid
467 2102 626 2155 dissimulem,
660 2104 740 2146 obstat
763 2104 837 2146 adhue
856 2104 985 2146 auctoritas
1006 2104 1097 2145 Aeliani
1113 2103 1146 2146 ll.
1167 2103 1196 2146 Α.
1218 2101 1251 2154 5,
1271 2102 1294 2150 1.
1316 2105 1346 2146 de

230 2172 312 2214 ivibus
332 2172 385 2214 istis
403 2172 460 2234 hinec
480 2173 608 2215 trudentis:
629 2167 685 2234 γῆν
704 2168 758 2234 τὴν
775 2168 933 2240 Παριανῶν
952 2169 1003 2218 καὶ
1020 2165 1075 2233 τὴν
1088 2169 1207 2240 γείτονα
1219 2167 1349 2230 Κύζικον

228 2233 352 2306 ὄρνιθας
369 2239 461 2288 οἰκεῖν
479 2236 609 2301 μέλανας
627 2238 697 2288 ἰδεῖν
721 2254 813 2300 φασι,
842 2235 877 2288 τὸ
908 2237 937 2288 δὲ
968 2236 1072 2301 σχῆμα
1101 2233 1193 2298 εἴποις
1224 2239 1348 2306 ἱέρακας

228 2304 341 2368 αὐτοὺς
359 2301 404 2356 ἄν.
425 2321 448 2352 v.
465 2309 539 2361 itero.
555 2308 657 2352 Ercuis.
674 2306 697 2352 3.
712 2311 740 2352 nd
754 2311 814 2352 Aen.
828 2308 868 2356 ll.
882 2322 904 2361 p.
918 2305 976 2352 637.
998 2311 1031 2351 tto
1046 2309 1068 2351 h.
1083 2309 1101 2352 l.
1116 2308 1226 2366 unigena
1239 2323 1284 2352 non
1300 2323 1347 2352 uno

161 2378 165 2386 '
228 2378 321 2434 genitus
341 2379 400 2429 erit,
426 2378 467 2420 sed
488 2390 516 2420 er
536 2377 618 2420 eidem
635 2382 704 2433 gente
725 2379 848 2420 oriundus.
878 2377 990 2420 Ceterum
1007 2378 1146 2421 Viseontius
1166 2391 1298 2430 provocans
1317 2379 1347 2420 nd

229 2448 314 2490 Volcls.
330 2446 445 2500 (Theorr.
457 2446 572 2488 Alonion.
588 2458 611 2498 p.
627 2441 697 2497 355.)
715 2447 737 2488 in
756 2446 838 2498 Hedyli
855 2445 939 2502 Epigr.
956 2447 1051 2489 Authol.
1066 2446 1143 2491 Pelet.
1156 2443 1181 2492 2.
1194 2459 1217 2499 ρ.
1231 2443 1289 2490 lost.
1302 2457 1348 2500 pro

228 2511 350 2577 εἰδείης.
370 2516 406 2558 cui
423 2514 506 2556 Iacobo
525 2519 590 2557 reue
609 2514 731 2556 substituit
745 2510 860 2576 αἰδοίης
879 2531 894 2540 -
911 2531 927 2542 -
943 2508 1106 2582 Ἀρσινόης,
1122 2508 1247 2576 ‘tessine
1264 2529 1347 2559 eruen-

229 2587 339 2640 duutem,
365 2584 425 2628 hune
446 2585 523 2626 locum
543 2584 634 2635 laudnt,
664 2583 729 2639 qiinsi
750 2597 772 2626 v.
789 2580 830 2628 56.
853 2585 973 2640 te5eretui·
991 2583 1060 2635 ales,
1088 2596 1175 2640 eques,
1203 2588 1227 2626 et
1244 2585 1348 2636 explicet

131 2659 142 2670 ’
229 2655 256 2696 ile
276 2657 345 2695 rento
365 2655 443 2706 eluto,
475 2653 541 2694 coins
566 2649 657 2708 efligies
681 2653 752 2695 tuerit
778 2653 800 2695 in
819 2653 935 2694 Arsinoes
954 2652 1064 2695 delubro.
1084 2653 1194 2708 lronogr.
1212 2665 1250 2707 gr.
1270 2653 1300 2695 Τ.
1320 2651 1344 2696 3.

229 2736 252 2776 p.
268 2718 327 2764 221.
375 2717 416 2765 53.
437 2719 581 2764 natantibus
600 2721 665 2764 olm.
686 2742 719 2751 -
738 2720 891 2764 oi'otaotidas
909 2720 987 2763 Bentt.
1006 2721 1091 2763 ancli.
1113 2723 1182 2774 prob.
1202 2721 1302 2766 Weliel.
1318 2722 1350 2762 uit

228 2791 327 2833 Lurret.
340 2785 368 2841 6,
385 2785 444 2832 83⁶.
463 2786 526 2831 Heio
546 2787 623 2844 (aies)
643 2789 684 2832 ubi
702 2791 796 2832 nictari
813 2794 935 2847 nequierint
952 2789 1117 2846 insistereque
1135 2790 1201 2842 atis,
1223 2789 1261 2831 ubi
1281 2791 1347 2832 Festi

229 2859 371 2900 auctoritate
391 2857 480 2902 nititur¹
503 2859 578 2900 Coitd.
598 2858 698 2900 nixari.
730 2859 776 2901 Sed
801 2858 854 2901 ideo
881 2858 966 2912 ubique
980 2856 1150 2900 intrudendum
1170 2871 1214 2900 oon
1234 2863 1302 2913 ernt;
1322 2870 1346 2900 v.

229 2927 363 2976 rectissime
383 2928 410 2969 de
430 2926 466 2968 bis
486 2925 566 2969 verbis
585 2931 690 2978 nutare,
716 2931 821 2977 natare,
847 2925 944 2968 nictare
963 2926 1105 2970 iudicantem
1124 2925 1186 2969 Oud.
1209 2928 1237 2968 sd
1257 2927 1345 2980 Appul.

229 2996 289 3037 Met.
307 2991 329 3037 6.
349 3006 372 3047 p.
392 2991 450 3039 609.
471 2992 619 3050 libratisque
635 2994 772 3049 pinnarum
791 2995 932 3037 irritantium
950 2994 1065 3038 molibus.
1084 3015 1118 3028 -
1135 2996 1189 3038 ates
1208 3008 1282 3052 equos
1299 2995 1346 3038 Ed.

229 3067 306 3118 prior.
325 3063 378 3104 Sili.
393 3063 491 3106 Lsrhm.
510 3063 605 3116 antiquit
621 3064 748 3115 scriptorii.
795 3059 836 3106 st.
856 3061 990 3106 locridis-os
1005 3063 1073 3106 sistit
1087 3063 1163 3106 Codd.
1185 3087 1217 3096 -
1236 3051 1346 3106 ‹locridi-

230 3144 273 3174 σοι
289 3131 356 3176 Leid.
375 3154 407 3163 —
427 3129 576 3173 elocridicos
590 3132 650 3173 Cod.
667 3129 780 3174 Aiobros.
800 3132 829 3177 Y.
851 3155 882 3165 -
906 3129 1036 3174 Chloridos
1053 3131 1097 3174 Ed.
1116 3145 1152 3185 pr,
1169 3132 1244 3175 Doer.
1259 3146 1305 3188 qne
1318 3145 1348 3176 eii

230 3201 323 3242 ratione
345 3199 472 3242 Chloridos
492 3213 575 3254 equum
602 3199 648 3242 diei
673 3201 730 3243 olim
749 3201 918 3244 asseverabant
936 3199 1071 3253 Zephyrum
1095 3202 1199 3244 eiusdem
1218 3203 1346 3254 inertium,

154 3264 161 3274 “
230 3270 266 3312 vel
285 3268 404 3310 Arsinoen
425 3268 553 3310 Chloridos
578 3282 671 3324 quoque
696 3275 879 3326 cognomentum
898 3269 1008 3311 hahuisse
1028 3269 1185 3312 sonmiorunt.
1214 3269 1259 3312 Sed
1279 3283 1347 3322 prse-

230 3337 294 3379 rlare
307 3337 385 3378 uenit.
400 3338 463 3381 roni.
477 3335 612 3389 Eoi-ridor,
634 3351 662 3380 rs
677 3339 746 3395 Virg.
765 3340 825 3382 Aen.
843 3335 887 3386 ll,
907 3334 965 3380 265.
981 3336 1000 3380 L
1013 3337 1106 3394 bycone
1120 3335 1261 3380 dubitantes
1273 3338 1347 3380 litore

229 3403 342 3448 Locroe?
361 3405 400 3447 uhi
414 3404 530 3449 Servius:
551 3405 626 3448 Locri
643 3408 707 3450 socii
725 3405 812 3450 Aiacis
833 3405 900 3449 Oilei
913 3403 1021 3462 suerunt
1032 3403 1199 3464 Epizephyrii
1217 3412 1240 3448 et
1258 3405 1347 3448 Ozoli:

230 3472 340 3526 (Ototne)
366 3472 411 3515 sect
433 3471 460 3516 lii
484 3481 628 3530 tempestate
647 3475 722 3518 dirisi
741 3481 799 3518 sunt
826 3498 859 3508 -
889 3472 960 3516 Ozoli
978 3473 1054 3517 delati
1071 3474 1235 3534 Pentapolim.
1270 3475 1301 3516 Et
1322 3477 1346 3516 tn

229 3542 354 3595 Pentapoli
371 3541 466 3590 Africae
480 3557 500 3587 s.
514 3544 644 3595 Cri-eunica
658 3545 700 3587 luit
714 3538 861 3611 Ζεφύριον
877 3534 979 3610 ἄκρον.
1017 3541 1058 3587 55.
1080 3542 1265 3589 advolatCodd.
1283 3543 1345 3586 Edd.

230 3623 323 3653 omnes.
346 3631 374 3641 -
395 3612 476 3654 avolat
494 3614 590 3669 egregio
611 3617 647 3655 est
665 3613 761 3655 Cnuteri
782 3612 917 3662 correctio,
938 3616 1033 3664 recepto
1053 3613 1123 3654 etinin
1143 3626 1156 3652 a
1175 3612 1229 3659 stit
1256 3613 1281 3654 ln
1295 3613 1346 3654 rut-

228 3678 280 3736 gsri
300 3679 400 3722 lectione
421 3681 457 3722 his
478 3681 539 3724 idem
556 3680 656 3731 dieitur,
678 3693 704 3722 ss
725 3679 811 3722 ohtiilit
827 3685 850 3722 et
870 3680 959 3722 tollens
979 3680 1038 3732 (pro
1054 3679 1216 3732 sublaturus)
1237 3679 1345 3722 advolat.

229 3747 265 3790 m.
286 3746 387 3791 umbras
401 3747 478 3792 Codd.
492 3748 604 3791 Ambros.
618 3745 702 3796 t..Ed.
716 3749 790 3800 prior.
807 3749 865 3790 Stet.
878 3749 941 3791 Scal.
953 3749 1026 3791 Voss.
1039 3746 1110 3792 l'osr.
1122 3749 1198 3792 Noctu
1214 3749 1276 3791 enim
1291 3749 1346 3790 sub-

230 3818 275 3858 tetn
295 3821 331 3860 est
350 3830 426 3860 somn.
458 3841 490 3850 -
518 3830 597 3862 auras
624 3817 754 3870 Cotphnrn.
775 3817 845 3859 Aldd.
866 3818 935 3858 Cant.
956 3817 1030 3860 ltoer.
1048 3819 1132 3860 Vetcli.
1153 3819 1214 3872 quod
1231 3819 1259 3860 ile
1279 3831 1346 3859 roma

230 3885 364 3928 Ariadnaeo
383 3891 448 3930 rents
469 3885 527 3928 dixit
547 3885 617 3928 Ouid.
633 3886 692 3929 Met.
709 3885 737 3937 8,
754 3883 811 3929 179.
833 3890 918 3928 tenues
937 3887 1002 3928 volut
1020 3887 1065 3928 illa
1080 3899 1229 3941 pei-auras.
1251 3886 1347 3928 Znnno·

229 3953 282 3995 nius
298 3956 336 4007 (i.
350 3952 484 4013 Antologio
502 3952 529 3996 di
548 3952 724 3998 l'irenzelltoo.
741 3951 816 3997 1830.
835 3967 857 4006 p.
874 3951 942 4002 122.)
960 3955 1017 4010 tegit
1033 3955 1086 3997 ales
1104 3967 1178 4012 eques
1197 3955 1346 4008 explicatque

229 4024 257 4064 ile
274 4021 401 4074 Lucifero,
421 4023 524 4068 Veneris
541 4027 622 4075 nstro,
650 4024 749 4079 unigeni
769 4023 786 4067 i.
803 4038 826 4066 e.
844 4023 917 4066 tratre
934 4024 1084 4075 Memnonis,
1114 4024 1168 4078 quie
1184 4023 1234 4075 ipse
1252 4036 1346 4078 qnoque

229 4089 326 4134 Lucifer
345 4092 454 4136 Aurorae
474 4090 552 4146 fittus3
572 4093 655 4135 stelles
673 4097 749 4136 autem
764 4095 830 4146 equis
844 4091 914 4146 vehi;
935 4092 1018 4134 alitem
1030 4092 1128 4146 denique
1142 4092 1186 4134 diri
1198 4091 1346 4141 Luciferum,

229 4164 255 4202 nt
278 4160 339 4213 apud
359 4159 485 4202 Valerium
505 4161 584 4204 Flere.
604 4159 668 4218 Arg.
686 4159 719 4211 ,6,
742 4158 800 4204 527.
827 4160 910 4202 roseis
934 4160 954 4202 it
971 4158 1074 4216 Lucifer
1093 4160 1152 4202 atis.
1185 4159 1346 4202 Nihilominus

228 4228 340 4285 praefero
365 4226 473 4282 equidem
493 4228 578 4270 Montii
604 4230 721 4272 rationem
741 4229 865 4283 probitum
883 4229 953 4271 etism
971 4229 1179 4286 lli-ueggemuuno.
1236 4225 1277 4272 56.
1297 4228 1347 4270 Per
