2964 4814
233 169 274 236 96

233 334 251 369 ¹*
273 326 421 390 Necdum
441 320 535 388 etiam
555 341 686 406 seseque
707 319 756 385 sui
777 317 830 383 eui
851 323 895 362 ’Ν
916 316 1036 394 credit,

174 445 176 450 '
234 429 358 511 Utpotc
381 423 489 490 fallaci
511 445 593 510 quac
615 433 681 486 tum
703 419 843 505 primum
866 419 973 486 excita
995 440 1109 484 somno

233 531 402 594 Desertam
422 527 455 591 in
477 527 547 591 sola
568 524 715 589 miseram
738 545 772 588 se
794 523 899 588 cernit
919 543 1029 586 arena.

233 632 407 695 Immemor
432 639 463 691 at
484 626 608 693 iuvenis
629 626 758 712 fugiens
780 625 873 709 pellit
896 628 976 688 vada
995 623 1108 700 remis,

134 799 139 806 ,
233 732 334 797 lrrita
355 742 507 796 ventosae
528 728 675 814 linquens
693 726 853 810 promissa
873 727 1051 810 procellae.

235 835 338 916 Quem
361 832 480 917 procul
503 853 545 895 cx
566 830 640 914 alga
662 828 789 894 maestis
810 827 938 894 Minois
959 828 1091 904 ocellis,

177 970 184 990 .
235 939 338 1000 Saxca
362 947 397 998 ut
417 932 539 1018 effigies
562 930 767 1008 bacchantis,
790 931 968 1014 prospicit,
992 953 1091 1008 evoe,

235 1036 405 1121 Prospieit
426 1047 458 1101 et
477 1033 601 1120 magnis
625 1055 773 1096 curarum
794 1035 928 1098 fluctuat
949 1032 1060 1110 undis,

234 1142 312 1204 Non
331 1139 419 1202 flavo
440 1136 582 1202 retinens
605 1135 753 1200 subtilem
774 1135 897 1200 vertice
916 1135 1061 1211 mitram,

234 1244 312 1306 Non
333 1251 482 1305 contecta
504 1238 570 1303 leri
590 1237 729 1302 velatum
747 1249 859 1320 pectus
882 1237 1017 1314 amictu,

236 1345 314 1408 Non
336 1342 431 1407 tereti
448 1340 598 1424 strophio
623 1341 777 1404 lactantes
800 1338 907 1404 vineta
929 1338 1085 1422 papillas:

183 1490 190 1506 .
239 1443 356 1512 Omnia
377 1465 458 1528 quae
481 1454 552 1508 toto
576 1441 741 1524 delapsae
765 1463 909 1524 corpore
930 1440 1048 1524 passim

236 1546 344 1631 Ipsius
367 1548 555 1628 antepedes
577 1545 693 1606 fluctus
712 1541 788 1606 salis
812 1544 1006 1608 alludebant.
1163 1615 1166 1622 .

236 1651 301 1714 Sed
323 1671 425 1734 neque
445 1658 512 1710 tum
536 1646 647 1710 mitrae
670 1667 773 1732 neque
794 1656 861 1708 tum
880 1646 1033 1710 fluitantis
1055 1645 1187 1710 amictus

236 1753 298 1816 Illa
320 1750 424 1814 vicem
444 1771 558 1812 curans
579 1760 651 1813 toto
672 1769 714 1812 ex
729 1759 761 1811 te
783 1759 936 1830 pectore,
961 1750 1104 1826 Theseu,
1323 1751 1362 1810 70

238 1857 327 1918 Toto
349 1853 472 1928 animo,
495 1863 563 1915 tota
583 1853 743 1934 pendebat
762 1849 888 1932 perdita
909 1862 1026 1914 mente.
1264 1857 1269 1866 '

176 1995 190 2020 ·.
236 1957 292 2020 Ah
312 1954 444 2030 misera,
468 1951 602 2016 assiduis
624 1975 719 2038 quam
738 1950 876 2014 luctibus
897 1950 1095 2016 exsternavit

238 2057 394 2140 Spiuosas
412 2055 556 2136 Erycina
579 2077 690 2118 serens
710 2054 743 2118 in
762 2066 897 2137 pectore
917 2077 1028 2132 curas,

237 2161 300 2225 Illa
314 2169 518 2243 tempestate,
541 2157 724 2244 feroxque
747 2169 893 2239 tempore
919 2159 1063 2224 Theseus

237 2265 398 2347 Egressus
421 2259 529 2324 curvis
551 2283 568 2324 e
589 2259 742 2324 litoribus
765 2259 875 2326 Piraei
1322 2266 1360 2328 75

238 2425 347 2473 credidit
364 2438 420 2471 em
440 2427 534 2471 Censor
558 2425 644 2483 Lips.;
673 2426 736 2483 quod
759 2424 882 2470 Latinitati
907 2431 1025 2484 repugnat
1048 2429 1151 2472 maxime
1173 2440 1197 2472 ιιι
1218 2440 1293 2482 pravo
1316 2443 1362 2473 usu
1449 2417 1451 2428 ¹

189 2510 199 2529 ,-
239 2497 324 2553 purtic.
342 2509 385 2550 ve;
412 2502 435 2541 et
451 2497 517 2540 nulla
533 2500 569 2540 est
590 2497 698 2539 iunctura
714 2496 887 2539 sententiarum
899 2496 962 2539 inter
976 2509 1032 2539 aeae
1046 2501 1069 2540 et
1080 2496 1211 2541 oblitumne
1224 2503 1271 2542 cet.
1310 2497 1361 2542 Nos

238 2567 328 2625 Scalig.
346 2569 379 2621 (el
391 2563 459 2618 ast.)
478 2566 564 2610 imitati
579 2565 698 2609 defectum
713 2565 879 2610 indicavimus.
898 2585 932 2595 -
949 2563 1075 2609 Necdum
1093 2567 1182 2620 etiam,
1204 2579 1308 2626 seseque
1320 2568 1362 2612 eui

237 2642 289 2681 turn
310 2634 418 2679 credidit
431 2649 497 2682 esee.
514 2636 584 2678 Aldd.
604 2636 636 2678 ai.
655 2635 800 2689 Exemplum
816 2633 1009 2696 κακοφωνίας
1026 2636 1163 2680 rhetoribus
1182 2637 1301 2690 praebere
1318 2651 1361 2692 po-

239 2709 301 2750 terat
326 2705 417 2748 lleiusii
442 2706 524 2749 coni.:
557 2702 609 2748 Nec
634 2701 692 2747 dum
717 2705 792 2747 etium
819 2717 875 2748 sese
900 2696 982 2760 iprum
1006 2717 1078 2748 auum
1098 2711 1148 2749 tum
1167 2704 1276 2752 credidit
1294 2720 1359 2750 eree.

228 2773 281 2822 58.
303 2779 391 2817 cernat
407 2774 450 2817 Cd.
473 2773 561 2817 Dresd.
582 2773 682 2816 Lachm.
733 2771 774 2817 61.
794 2779 852 2817 ncta
878 2774 960 2818 licius.
983 2773 1008 2818 h.
1030 2774 1047 2818 l.
1069 2779 1129 2822 et-v.
1153 2771 1230 2832 168.,
1256 2777 1297 2820 sed
1315 2776 1360 2820 cir.

239 2846 321 2889 luten.
337 2840 368 2896 4,
389 2839 431 2887 48.
458 2843 534 2901 nlgue
553 2843 726 2901 inquisitores.
751 2841 819 2900 Aiga
834 2843 977 2886 vocabulum
997 2849 1048 2887 erat
1066 2846 1126 2900 apud
1146 2849 1228 2900 poetas
1247 2844 1361 2900 frequens

239 2915 312 2959 etiam
331 2912 455 2956 Claudiani
473 2915 551 2954 aetate
568 2909 703 2965 innunt,
723 2906 781 2954 387.
801 2907 823 2954 3.
840 2911 940 2955 Consul.
952 2910 1087 2958 flomttt.
1136 2911 1177 2958 66.
1203 2913 1238 2957 lta
1254 2914 1317 2957 Mss.
1339 2918 1363 2958 et

238 2984 327 3030 leidor.
354 2979 394 3026 19.
417 2994 442 3036 p.
465 2977 540 3025 1307.
569 2977 665 3024 Cinna:
693 2976 805 3036 strophio
830 2981 953 3024 lactantes
972 2982 1055 3024 cinctu
1068 2997 1098 3040 p.
1121 2984 1226 3040 Elegaus
1245 2987 1298 3036 est,
1319 2984 1361 3026 sed

239 3052 378 3107 neutiquam
396 3049 533 3094 necessaria
550 3049 615 3092 Mur.
634 3049 857 3103 continentum
876 3051 948 3093 immo
967 3049 1071 3096 fortasse
1093 3066 1122 3096 ne
1144 3051 1227 3096 Latina
1246 3054 1360 3108 quidem3

239 3122 332 3172 nullum
347 3120 410 3163 enim
429 3120 563 3173 exemplum
583 3123 617 3162 tot
636 3119 687 3162 eius
706 3119 813 3164 lautores
830 3119 950 3177 hucusque
966 3123 1132 3178 protulerunt;
1147 3120 1268 3184 flammas
1282 3125 1362 3166 autem

239 3193 364 3237 luctantes
383 3188 437 3232 Silii
454 3187 482 3242 1,
499 3185 557 3233 174.
574 3203 601 3232 ac
615 3193 697 3232 centos
710 3188 771 3232 Aen.
789 3188 817 3242 1,
833 3186 875 3234 53.
893 3191 946 3246 quis
964 3189 1009 3232 hue
1028 3189 1135 3235 referat?
1155 3191 1293 3234 Istiusmodi
1304 3203 1361 3234 sane

240 3260 338 3304 delicias
360 3259 399 3301 vix
417 3260 517 3302 intactas
535 3258 690 3315 reliquissent
710 3259 853 3306 imitatores.
892 3259 928 3302 'l'u
949 3249 1264 3314 contet·1.ua·ei.5,'883.
1285 3258 1362 3302 ubera

232 3341 407 3373 'mammarum
425 3327 562 3382 lactantia,
591 3328 670 3386 ibique
693 3327 791 3377 Wakef,
812 3327 918 3382 Epithal.
938 3327 1045 3382 Auspicii
1065 3334 1088 3372 et
1109 3329 1191 3374 Aeliae
1209 3342 1232 3372 v.
1257 3325 1300 3372 43.
1323 3342 1361 3382 ap.

239 3398 356 3442 Wernsd.
376 3397 407 3441 P.
429 3398 445 3440 l.
465 3410 499 3444 m.
520 3393 550 3451 4,
573 3395 598 3444 2.
622 3411 646 3452 p.
664 3394 724 3442 477.
756 3395 779 3440 It
797 3403 890 3440 nutrire
908 3410 990 3440 comes
1008 3397 1112 3441 lactenti
1123 3394 1182 3456 seta
1195 3397 1307 3454 pupillo.
1329 3421 1362 3431 -·

239 3469 360 3512 lactentes
375 3481 387 3511 e
401 3466 461 3510 cdd.
476 3466 533 3524 aliq.
548 3465 647 3514 Lachm.
702 3463 743 3510 68.
764 3467 799 3509 lta
813 3457 889 3510 Codd.
901 3479 924 3510 v.
940 3481 960 3512 c.
973 3467 1052 3510 Palat.
1072 3467 1199 3522 (similiter
1214 3465 1259 3510 Gr.
1273 3479 1363 3533 προς-

240 3535 367 3598 παίζειν,
387 3534 524 3590 σαίνειν.)
539 3558 568 3568 -
583 3534 721 3580 ullidcbunt
735 3534 806 3582 Aldd.
821 3537 884 3579 Scai.
925 3533 965 3580 70.
986 3541 1034 3579 toto
1047 3541 1069 3579 te
1085 3550 1118 3579 ex
1129 3535 1205 3580 utut.
1226 3559 1258 3568 -
1278 3541 1327 3579 toto
1340 3540 1363 3578 te

236 3621 265 3666 p.
277 3603 367 3650 Atat.
388 3605 496 3658 (Neutra
507 3604 645 3662 prodebat,
661 3606 701 3649 sed
714 3602 837 3661 pendebat
852 3604 874 3651 1.
888 3603 1009 3661 perdebat
1026 3603 1062 3655 2.)
1100 3603 1142 3650 72.
1162 3606 1281 3648 miserum
1291 3605 1360 3648 Aldd.

241 3677 278 3721 lb.
300 3675 446 3718 extenuavit
458 3675 518 3719 Stat.
546 3695 575 3705 -
602 3673 744 3717 externneit
764 3674 844 3730 vulgo.
866 3674 911 3716 Sed
927 3673 1083 3717 exsternavit
1096 3675 1166 3718 malui
1183 3674 1289 3718 seribere
1310 3687 1363 3716 cum

235 3746 390 3790 'Forcellinm
420 3744 471 3786 Hoc
491 3743 553 3786 euim
572 3743 671 3786 verbum
690 3747 842 3785 exsternere
861 3743 878 3786 i.
894 3744 1064 3788 adornantem
1082 3743 1177 3797 facere,
1198 3744 1232 3787 uti
1251 3748 1363 3786 conster-

242 3817 322 3868 nare,
352 3813 415 3870 qnod
440 3825 524 3855 omncs
543 3813 613 3856 adv.
634 3818 747 3855 sternere
766 3811 888 3866 referunt,
920 3814 1117 3870 quemadmodum
1135 3812 1272 3870 aspernari
1290 3813 1361 3855 adr.

242 3896 371 3941 spernere,
387 3895 431 3929 av.
439 3887 552 3925 sternere
563 3883 619 3925 item
631 3883 724 3937 potius,
737 3895 807 3939 quam
819 3881 848 3924 ab
859 3882 911 3924 adv.
925 3887 1000 3925 extra
1010 3883 1172 3926 deducendum
1182 3883 1238 3926 erit.
1252 3881 1363 3936 Appuleii

242 3951 401 4010 quidemloci,
417 3964 476 4008 quos
487 3952 590 4005 landant,
601 3952 745 4006 praesertim
753 3952 813 3994 Met.
824 3947 847 3995 3.
857 3949 881 4007 p'.
892 3948 951 3994 214.
968 3951 1007 3994 uhi
1019 3955 1095 3994 tanuen
1105 3951 1167 3996 Oud.
1176 3964 1205 3994 ex
1213 3951 1288 3994 Codd.
1298 3951 1364 3994 dedit

242 4021 430 4065 exterminatus
449 4020 543 4076 aniani,
563 4035 607 4076 pro
626 4020 671 4065 hoe
690 4020 823 4077 veriloquio
843 4022 979 4080 neutiquam
996 4021 1095 4067 faciunt.
1144 4017 1185 4065 74.
1200 4016 1283 4077 ferox
1302 4024 1326 4062 et
1343 4024 1360 4066 t.

242 4091 288 4135 Ed.
307 4103 344 4144 pr.
361 4090 417 4133 ΑΜ.
431 4088 454 4132 1-
470 4091 543 4134 Voss.
572 4112 600 4122 -
619 4087 749 4149 feroxque
762 4095 786 4132 et
798 4089 852 4138 illd.
870 4088 894 4138 2.
915 4091 968 4133 ltali
984 4092 1037 4134 scil.
1057 4089 1274 4146 perhorrescebaut
1294 4101 1364 4130 usum

243 4161 311 4205 illum
329 4157 410 4201 Latini
429 4161 548 4204 sermonis
566 4161 589 4203 in
608 4161 692 4215 primis
716 4159 866 4216 frequentem
888 4161 949 4215 apud
974 4160 1113 4204 Caesarem.
1138 4171 1161 4213 y.
1186 4171 1208 4204 c.
1236 4158 1282 4202 itta
1306 4155 1361 4210 die,

244 4255 254 4266 ·
275 4255 283 4265 -
303 4241 352 4288 qun
369 4225 410 4273 die
427 4227 456 4273 B.
475 4228 505 4273 G.
522 4227 551 4282 1,
570 4225 594 4274 6.
619 4249 655 4263 -
671 4225 754 4288 ferox
774 4242 820 4287 quo
838 4243 872 4272 ex
891 4235 999 4288 tempore
1019 4228 1130 4274 horribili
1150 4240 1210 4272 sono
1229 4241 1283 4272 curn
1302 4225 1362 4269 ltalo
