<?xml version="1.0" encoding="UTF-8"?>
<!DOCTYPE html PUBLIC "-//W3C//DTD XHTML 1.0 Transitional//EN"
    "http://www.w3.org/TR/xhtml1/DTD/xhtml1-transitional.dtd">
<html xmlns="http://www.w3.org/1999/xhtml" xml:lang="en" lang="en">
 <head>
  <title>
</title>
<meta http-equiv="Content-Type" content="text/html;charset=utf-8" />
  <meta name='ocr-system' content='tesseract 3.04.00' />
  <meta name='ocr-capabilities' content='ocr_page ocr_carea ocr_par ocr_line ocrx_word'/>
</head>
<body>
  <div class='ocr_page' id='page_1' title='image "./eclogaepoetarum01orelgoog_0250.png"; bbox 0 0 2946 4816; ppageno 0'>
   <div class='ocr_carea' id='block_1_1' title="bbox 1159 206 1222 271">
    <p class='ocr_par' dir='ltr' id='par_1_1' title="bbox 1159 206 1222 271">
     <span class='ocr_line' id='line_1_1' title="bbox 1159 206 1222 271; baseline 0 -1"><span class='ocrx_word' id='word_1_1' title='bbox 1159 206 1222 271; x_wconf 75' lang='lat'><strong>239</strong></span> 
     </span>
    </p>
   </div>
   <div class='ocr_carea' id='block_1_2' title="bbox 98 363 1223 1164">
    <p class='ocr_par' dir='ltr' id='par_1_2' title="bbox 100 363 931 450">
     <span class='ocr_line' id='line_1_2' title="bbox 100 363 931 450; baseline -0.007 -18"><span class='ocrx_word' id='word_1_2' title='bbox 100 368 292 432; x_wconf 77' lang='lat' dir='ltr'>Exclamare</span> <span class='ocrx_word' id='word_1_3' title='bbox 313 365 410 442; x_wconf 90' lang='lat' dir='ltr'><strong>libet,</strong></span> <span class='ocrx_word' id='word_1_4' title='bbox 434 365 573 448; x_wconf 90' lang='lat' dir='ltr'><strong>populus</strong></span> <span class='ocrx_word' id='word_1_5' title='bbox 597 367 686 450; x_wconf 87' lang='lat' dir='ltr'><strong>quod</strong></span> <span class='ocrx_word' id='word_1_6' title='bbox 707 364 820 430; x_wconf 88' lang='lat' dir='ltr'><strong>clamat</strong></span> <span class='ocrx_word' id='word_1_7' title='bbox 843 363 931 432; x_wconf 79' lang='lat' dir='ltr'><strong>Osiri</strong></span> 
     </span>
    </p>

    <p class='ocr_par' dir='ltr' id='par_1_3' title="bbox 98 459 1222 656">
     <span class='ocr_line' id='line_1_3' title="bbox 98 459 1222 553; baseline -0.007 -19"><span class='ocrx_word' id='word_1_8' title='bbox 98 471 252 534; x_wconf 86' lang='lat' dir='ltr'><strong>invento.</strong></span> <span class='ocrx_word' id='word_1_9' title='bbox 298 467 377 548; x_wconf 84' lang='lat' dir='ltr'><strong>Quis</strong></span> <span class='ocrx_word' id='word_1_10' title='bbox 401 467 482 534; x_wconf 87' lang='lat' dir='ltr'><strong>enim</strong></span> <span class='ocrx_word' id='word_1_11' title='bbox 505 459 695 553; x_wconf 77' lang='lat' dir='ltr'><strong>generosum</strong></span> <span class='ocrx_word' id='word_1_12' title='bbox 719 466 836 531; x_wconf 81' lang='lat' dir='ltr'>dixerit</span> <span class='ocrx_word' id='word_1_13' title='bbox 858 469 960 544; x_wconf 91' lang='lat' dir='ltr'><strong>bunc,</strong></span> <span class='ocrx_word' id='word_1_14' title='bbox 985 465 1041 550; x_wconf 91' lang='lat' dir='ltr'><strong>qui</strong></span> <span class='ocrx_word' id='word_1_15' title='bbox 1180 464 1222 527; x_wconf 81' lang='lat'><strong>30</strong></span> 
     </span>
     <span class='ocr_line' id='line_1_4' title="bbox 99 569 937 656; baseline -0.006 -21"><span class='ocrx_word' id='word_1_16' title='bbox 99 572 257 656; x_wconf 85' lang='lat' dir='ltr'><strong>Indignus</strong></span> <span class='ocrx_word' id='word_1_17' title='bbox 280 591 399 654; x_wconf 81' lang='lat' dir='ltr'>genere</span> <span class='ocrx_word' id='word_1_18' title='bbox 420 581 453 634; x_wconf 91' lang='lat' dir='ltr'><strong>et</strong></span> <span class='ocrx_word' id='word_1_19' title='bbox 473 569 644 653; x_wconf 87' lang='lat' dir='ltr'><strong>praeclaro</strong></span> <span class='ocrx_word' id='word_1_20' title='bbox 666 569 794 634; x_wconf 92' lang='lat' dir='ltr'><strong>nomine</strong></span> <span class='ocrx_word' id='word_1_21' title='bbox 816 579 937 632; x_wconf 87' lang='lat' dir='ltr'><strong>tantum</strong></span> 
     </span>
    </p>

    <p class='ocr_par' dir='ltr' id='par_1_4' title="bbox 101 671 953 758">
     <span class='ocr_line' id='line_1_5' title="bbox 101 671 953 758; baseline -0.004 -20"><span class='ocrx_word' id='word_1_22' title='bbox 101 672 275 758; x_wconf 75' lang='lat' dir='ltr'><strong>Insignis?</strong></span> <span class='ocrx_word' id='word_1_23' title='bbox 295 674 421 737; x_wconf 88' lang='lat' dir='ltr'><strong>Nanum</strong></span> <span class='ocrx_word' id='word_1_24' title='bbox 444 671 603 738; x_wconf 81' lang='lat' dir='ltr'><strong>cuiusdam</strong></span> <span class='ocrx_word' id='word_1_25' title='bbox 626 671 756 736; x_wconf 77' lang='lat' dir='ltr'><strong>Atlanta</strong></span> <span class='ocrx_word' id='word_1_26' title='bbox 779 691 953 736; x_wconf 79' lang='lat' dir='ltr'><strong>vocamusa</strong></span> 
     </span>
    </p>

    <p class='ocr_par' dir='ltr' id='par_1_5' title="bbox 101 772 1071 961">
     <span class='ocr_line' id='line_1_6' title="bbox 101 772 1071 858; baseline -0.004 -18"><span class='ocrx_word' id='word_1_27' title='bbox 101 776 297 857; x_wconf 74' lang='lat' dir='ltr'><strong>Aethiopem</strong></span> <span class='ocrx_word' id='word_1_28' title='bbox 320 773 487 855; x_wconf 82' lang='lat' dir='ltr'>Cycnum:</span> <span class='ocrx_word' id='word_1_29' title='bbox 511 795 641 856; x_wconf 87' lang='lat' dir='ltr'><strong>parvam</strong></span> <span class='ocrx_word' id='word_1_30' title='bbox 665 784 892 858; x_wconf 77' lang='lat' dir='ltr'><strong>extortamque</strong></span> <span class='ocrx_word' id='word_1_31' title='bbox 913 772 1071 856; x_wconf 84' lang='lat' dir='ltr'><strong>puellam,</strong></span> 
     </span>
     <span class='ocr_line' id='line_1_7' title="bbox 101 875 893 961; baseline -0.006 -19"><span class='ocrx_word' id='word_1_32' title='bbox 101 880 277 960; x_wconf 84' lang='lat' dir='ltr'><strong>Europen3</strong></span> <span class='ocrx_word' id='word_1_33' title='bbox 302 879 430 940; x_wconf 87' lang='lat' dir='ltr'><strong>canibus</strong></span> <span class='ocrx_word' id='word_1_34' title='bbox 452 875 555 961; x_wconf 88' lang='lat' dir='ltr'><strong>pigris</strong></span> <span class='ocrx_word' id='word_1_35' title='bbox 577 875 746 960; x_wconf 74' lang='lat' dir='ltr'><strong>scabicque</strong></span> <span class='ocrx_word' id='word_1_36' title='bbox 768 886 893 939; x_wconf 84' lang='lat' dir='ltr'><strong>vetusta</strong></span> 
     </span>
    </p>

    <p class='ocr_par' dir='ltr' id='par_1_6' title="bbox 104 976 1223 1164">
     <span class='ocr_line' id='line_1_8' title="bbox 105 976 1223 1054; baseline -0.001 -13"><span class='ocrx_word' id='word_1_37' title='bbox 105 979 251 1042; x_wconf 90' lang='lat' dir='ltr'><strong>Levibus</strong></span> <span class='ocrx_word' id='word_1_38' title='bbox 273 989 304 1042; x_wconf 91' lang='lat' dir='ltr'><strong>et</strong></span> <span class='ocrx_word' id='word_1_39' title='bbox 325 978 428 1042; x_wconf 77' lang='lat' dir='ltr'><strong>siccae</strong></span> <span class='ocrx_word' id='word_1_40' title='bbox 450 976 660 1042; x_wconf 76' lang='lat' dir='ltr'><strong>lambentibus</strong></span> <span class='ocrx_word' id='word_1_41' title='bbox 684 998 740 1041; x_wconf 90' lang='lat' dir='ltr'><strong>ora</strong></span> <span class='ocrx_word' id='word_1_42' title='bbox 760 977 930 1054; x_wconf 88' lang='lat' dir='ltr'><strong>lucernac,</strong></span> <span class='ocrx_word' id='word_1_43' title='bbox 1183 977 1223 1040; x_wconf 80' lang='lat'><strong>35</strong></span> 
     </span>
     <span class='ocr_line' id='line_1_9' title="bbox 104 1078 1073 1164; baseline 0 -20"><span class='ocrx_word' id='word_1_44' title='bbox 104 1083 231 1145; x_wconf 89' lang='lat' dir='ltr'><strong>Nomen</strong></span> <span class='ocrx_word' id='word_1_45' title='bbox 253 1079 314 1143; x_wconf 90' lang='lat' dir='ltr'><strong>erit</strong></span> <span class='ocrx_word' id='word_1_46' title='bbox 335 1081 472 1162; x_wconf 87' lang='lat' dir='ltr'><strong>pardus,</strong></span> <span class='ocrx_word' id='word_1_47' title='bbox 496 1079 610 1164; x_wconf 86' lang='lat' dir='ltr'><strong>tigris,</strong></span> <span class='ocrx_word' id='word_1_48' title='bbox 635 1078 708 1156; x_wconf 88' lang='lat' dir='ltr'><strong>leo,</strong></span> <span class='ocrx_word' id='word_1_49' title='bbox 733 1078 859 1163; x_wconf 91' lang='lat' dir='ltr'><strong>siquid</strong></span> <span class='ocrx_word' id='word_1_50' title='bbox 881 1080 985 1144; x_wconf 86' lang='lat' dir='ltr'><strong>adbuc</strong></span> <span class='ocrx_word' id='word_1_51' title='bbox 1007 1090 1073 1157; x_wconf 89' lang='lat' dir='ltr'><strong>est,</strong></span> 
     </span>
    </p>
   </div>
   <div class='ocr_carea' id='block_1_3' title="bbox 4 1179 1007 1266">
    <p class='ocr_par' dir='ltr' id='par_1_7' title="bbox 4 1179 1007 1266">
     <span class='ocr_line' id='line_1_10' title="bbox 4 1179 1007 1266; baseline 0 -20"><span class='ocrx_word' id='word_1_52' title='bbox 4 1255 9 1262; x_wconf 26' lang='lat'><strong>¹</strong></span> <span class='ocrx_word' id='word_1_53' title='bbox 105 1184 201 1263; x_wconf 84' lang='lat' dir='ltr'><strong>Quod</strong></span> <span class='ocrx_word' id='word_1_54' title='bbox 221 1181 337 1244; x_wconf 85' lang='lat' dir='ltr'><strong>fremat</strong></span> <span class='ocrx_word' id='word_1_55' title='bbox 357 1181 389 1244; x_wconf 92' lang='lat' dir='ltr'><strong>in</strong></span> <span class='ocrx_word' id='word_1_56' title='bbox 412 1180 507 1246; x_wconf 88' lang='lat' dir='ltr'><strong>terris</strong></span> <span class='ocrx_word' id='word_1_57' title='bbox 531 1179 715 1246; x_wconf 87' lang='lat' dir='ltr'><strong>violentius.</strong></span> <span class='ocrx_word' id='word_1_58' title='bbox 759 1183 866 1266; x_wconf 85' lang='lat' dir='ltr'><strong>Ergo·</strong></span> <span class='ocrx_word' id='word_1_59' title='bbox 876 1181 1007 1246; x_wconf 81' lang='lat' dir='ltr'><strong>cavebis</strong></span> 
     </span>
    </p>
   </div>
   <div class='ocr_carea' id='block_1_4' title="bbox 101 1281 1227 2375">
    <p class='ocr_par' dir='ltr' id='par_1_8' title="bbox 103 1281 1110 1360">
     <span class='ocr_line' id='line_1_11' title="bbox 103 1281 1110 1360; baseline -0.002 -12"><span class='ocrx_word' id='word_1_60' title='bbox 103 1287 148 1349; x_wconf 90' lang='lat' dir='ltr'><strong>Et</strong></span> <span class='ocrx_word' id='word_1_61' title='bbox 170 1295 309 1360; x_wconf 87' lang='lat' dir='ltr'><strong>metues,</strong></span> <span class='ocrx_word' id='word_1_62' title='bbox 333 1304 373 1346; x_wconf 89' lang='lat' dir='ltr'><strong>ne</strong></span> <span class='ocrx_word' id='word_1_63' title='bbox 394 1293 430 1346; x_wconf 85' lang='lat' dir='ltr'><strong>tn</strong></span> <span class='ocrx_word' id='word_1_64' title='bbox 452 1283 495 1348; x_wconf 88' lang='lat' dir='ltr'><strong>sis</strong></span> <span class='ocrx_word' id='word_1_65' title='bbox 518 1281 667 1358; x_wconf 76' lang='lat' dir='ltr'><strong>Creticus</strong></span> <span class='ocrx_word' id='word_1_66' title='bbox 689 1295 745 1346; x_wconf 87' lang='lat' dir='ltr'><strong>aut</strong></span> <span class='ocrx_word' id='word_1_67' title='bbox 767 1282 969 1348; x_wconf 81' lang='lat' dir='ltr'><strong>Camerinus.</strong></span> <span class='ocrx_word' id='word_1_68' title='bbox 993 1315 1033 1334; x_wconf 64' lang='lat'><strong>⁷-</strong></span> <span class='ocrx_word' id='word_1_69' title='bbox 1108 1313 1110 1318; x_wconf 96' lang='lat'>·</span> 
     </span>
    </p>

    <p class='ocr_par' dir='ltr' id='par_1_9' title="bbox 102 1374 1227 1775">
     <span class='ocr_line' id='line_1_12' title="bbox 145 1374 1182 1471; baseline -0.001 -23"><span class='ocrx_word' id='word_1_70' title='bbox 145 1385 208 1448; x_wconf 88' lang='lat' dir='ltr'><strong>His</strong></span> <span class='ocrx_word' id='word_1_71' title='bbox 231 1406 294 1471; x_wconf 86' lang='lat' dir='ltr'><strong>ego</strong></span> <span class='ocrx_word' id='word_1_72' title='bbox 317 1374 409 1471; x_wconf 90' lang='lat' dir='ltr'><strong>quem</strong></span> <span class='ocrx_word' id='word_1_73' title='bbox 433 1384 562 1450; x_wconf 82' lang='lat' dir='ltr'><strong>monui?</strong></span> <span class='ocrx_word' id='word_1_74' title='bbox 586 1387 710 1448; x_wconf 86' lang='lat' dir='ltr'><strong>Tecum</strong></span> <span class='ocrx_word' id='word_1_75' title='bbox 732 1395 781 1448; x_wconf 89' lang='lat' dir='ltr'><strong>est</strong></span> <span class='ocrx_word' id='word_1_76' title='bbox 802 1385 878 1448; x_wconf 93' lang='lat' dir='ltr'><strong>mihi</strong></span> <span class='ocrx_word' id='word_1_77' title='bbox 899 1406 1025 1461; x_wconf 88' lang='lat' dir='ltr'><strong>sermo,</strong></span> <span class='ocrx_word' id='word_1_78' title='bbox 1051 1384 1182 1448; x_wconf 86' lang='lat' dir='ltr'><strong>Rubelli</strong></span> 
     </span>
     <span class='ocr_line' id='line_1_13' title="bbox 102 1486 1227 1571; baseline -0.005 -19"><span class='ocrx_word' id='word_1_79' title='bbox 102 1489 238 1552; x_wconf 88' lang='lat' dir='ltr'><strong>Blande.</strong></span> <span class='ocrx_word' id='word_1_80' title='bbox 283 1488 402 1550; x_wconf 85' lang='lat' dir='ltr'><strong>Tumes</strong></span> <span class='ocrx_word' id='word_1_81' title='bbox 423 1487 488 1552; x_wconf 86' lang='lat' dir='ltr'><strong>alto</strong></span> <span class='ocrx_word' id='word_1_82' title='bbox 511 1487 695 1552; x_wconf 88' lang='lat' dir='ltr'><strong>Drusorum</strong></span> <span class='ocrx_word' id='word_1_83' title='bbox 718 1498 903 1563; x_wconf 85' lang='lat' dir='ltr'><strong>stemmate,</strong></span> <span class='ocrx_word' id='word_1_84' title='bbox 926 1499 1085 1571; x_wconf 84' lang='lat' dir='ltr'><strong>tamquam</strong></span> <span class='ocrx_word' id='word_1_85' title='bbox 1186 1486 1227 1548; x_wconf 83' lang='lat' dir='ltr'><strong>lo</strong></span> 
     </span>
     <span class='ocr_line' id='line_1_14' title="bbox 102 1588 1023 1674; baseline -0.002 -20"><span class='ocrx_word' id='word_1_86' title='bbox 102 1589 234 1654; x_wconf 88' lang='lat' dir='ltr'><strong>Feceris</strong></span> <span class='ocrx_word' id='word_1_87' title='bbox 255 1589 323 1671; x_wconf 88' lang='lat' dir='ltr'><strong>ipse</strong></span> <span class='ocrx_word' id='word_1_88' title='bbox 346 1588 482 1673; x_wconf 89' lang='lat' dir='ltr'><strong>aliquid,</strong></span> <span class='ocrx_word' id='word_1_89' title='bbox 505 1599 643 1670; x_wconf 88' lang='lat' dir='ltr'><strong>propter</strong></span> <span class='ocrx_word' id='word_1_90' title='bbox 666 1590 756 1674; x_wconf 91' lang='lat' dir='ltr'><strong>quod</strong></span> <span class='ocrx_word' id='word_1_91' title='bbox 777 1588 894 1651; x_wconf 90' lang='lat' dir='ltr'><strong>nobilis</strong></span> <span class='ocrx_word' id='word_1_92' title='bbox 916 1609 1023 1664; x_wconf 89' lang='lat' dir='ltr'><strong>essee,</strong></span> 
     </span>
     <span class='ocr_line' id='line_1_15' title="bbox 102 1688 937 1775; baseline -0.004 -20"><span class='ocrx_word' id='word_1_93' title='bbox 102 1695 147 1757; x_wconf 84' lang='lat' dir='ltr'><strong>tu</strong></span> <span class='ocrx_word' id='word_1_94' title='bbox 168 1704 201 1754; x_wconf 93' lang='lat' dir='ltr'><strong>tc</strong></span> <span class='ocrx_word' id='word_1_95' title='bbox 223 1690 426 1772; x_wconf 88' lang='lat' dir='ltr'><strong>conciperet,</strong></span> <span class='ocrx_word' id='word_1_96' title='bbox 451 1711 531 1775; x_wconf 89' lang='lat' dir='ltr'><strong>qnae</strong></span> <span class='ocrx_word' id='word_1_97' title='bbox 553 1688 708 1774; x_wconf 82' lang='lat' dir='ltr'><strong>sanguine</strong></span> <span class='ocrx_word' id='word_1_98' title='bbox 729 1689 835 1774; x_wconf 75' lang='lat' dir='ltr'><strong>fulget</strong></span> <span class='ocrx_word' id='word_1_99' title='bbox 855 1690 937 1766; x_wconf 91' lang='lat' dir='ltr'><strong>Iuli,</strong></span> 
     </span>
    </p>

    <p class='ocr_par' dir='ltr' id='par_1_10' title="bbox 102 1791 980 1877">
     <span class='ocr_line' id='line_1_16' title="bbox 102 1791 980 1877; baseline -0.005 -19"><span class='ocrx_word' id='word_1_100' title='bbox 102 1795 179 1858; x_wconf 90' lang='lat' dir='ltr'><strong>Non</strong></span> <span class='ocrx_word' id='word_1_101' title='bbox 204 1813 285 1877; x_wconf 89' lang='lat' dir='ltr'><strong>quae</strong></span> <span class='ocrx_word' id='word_1_102' title='bbox 309 1804 445 1856; x_wconf 90' lang='lat' dir='ltr'><strong>ventoso</strong></span> <span class='ocrx_word' id='word_1_103' title='bbox 469 1795 626 1858; x_wconf 89' lang='lat' dir='ltr'><strong>conducta</strong></span> <span class='ocrx_word' id='word_1_104' title='bbox 648 1793 707 1854; x_wconf 88' lang='lat' dir='ltr'><strong>sub</strong></span> <span class='ocrx_word' id='word_1_105' title='bbox 731 1811 852 1874; x_wconf 88' lang='lat' dir='ltr'><strong>aggere</strong></span> <span class='ocrx_word' id='word_1_106' title='bbox 874 1791 980 1856; x_wconf 78' lang='lat' dir='ltr'><strong>texit.-</strong></span> 
     </span>
    </p>

    <p class='ocr_par' dir='ltr' id='par_1_11' title="bbox 102 1892 1054 1978">
     <span class='ocr_line' id='line_1_17' title="bbox 102 1892 1054 1978; baseline -0.004 -18"><span class='ocrx_word' id='word_1_107' title='bbox 102 1898 200 1970; x_wconf 87' lang='lat' dir='ltr'><strong>„Vos</strong></span> <span class='ocrx_word' id='word_1_108' title='bbox 222 1893 393 1971; x_wconf 85' lang='lat' dir='ltr'><strong>humiles,”</strong></span> <span class='ocrx_word' id='word_1_109' title='bbox 417 1892 538 1978; x_wconf 87' lang='lat' dir='ltr'><strong>inquis,</strong></span> <span class='ocrx_word' id='word_1_110' title='bbox 562 1893 677 1978; x_wconf 83' lang='lat' dir='ltr'><strong>„volgi</strong></span> <span class='ocrx_word' id='word_1_111' title='bbox 698 1913 773 1975; x_wconf 87' lang='lat' dir='ltr'><strong>pars</strong></span> <span class='ocrx_word' id='word_1_112' title='bbox 797 1893 907 1958; x_wconf 90' lang='lat' dir='ltr'><strong>ultima</strong></span> <span class='ocrx_word' id='word_1_113' title='bbox 930 1892 1054 1971; x_wconf 90' lang='lat' dir='ltr'><strong>nostri,</strong></span> 
     </span>
    </p>

    <p class='ocr_par' dir='ltr' id='par_1_12' title="bbox 101 1993 1226 2375">
     <span class='ocr_line' id='line_1_18' title="bbox 104 1993 1226 2079; baseline -0.002 -18"><span class='ocrx_word' id='word_1_114' title='bbox 104 1999 251 2078; x_wconf 83' lang='lat' dir='ltr'><strong>erorum</strong></span> <span class='ocrx_word' id='word_1_115' title='bbox 274 2016 367 2059; x_wconf 91' lang='lat' dir='ltr'><strong>ncmo</strong></span> <span class='ocrx_word' id='word_1_116' title='bbox 391 2007 485 2079; x_wconf 89' lang='lat' dir='ltr'><strong>queat</strong></span> <span class='ocrx_word' id='word_1_117' title='bbox 506 1993 642 2077; x_wconf 87' lang='lat' dir='ltr'><strong>patriam</strong></span> <span class='ocrx_word' id='word_1_118' title='bbox 665 2005 845 2058; x_wconf 89' lang='lat' dir='ltr'><strong>monstrare</strong></span> <span class='ocrx_word' id='word_1_119' title='bbox 866 1995 1031 2077; x_wconf 82' lang='lat' dir='ltr'><strong>parentis:</strong></span> <span class='ocrx_word' id='word_1_120' title='bbox 1185 1997 1226 2068; x_wconf 70' lang='lat'><strong>45</strong></span> 
     </span>
     <span class='ocr_line' id='line_1_19' title="bbox 102 2083 1154 2183; baseline -0.004 -19"><span class='ocrx_word' id='word_1_121' title='bbox 102 2107 165 2164; x_wconf 87' lang='lat' dir='ltr'><strong>Ast</strong></span> <span class='ocrx_word' id='word_1_122' title='bbox 188 2118 251 2183; x_wconf 86' lang='lat' dir='ltr'><strong>ego</strong></span> <span class='ocrx_word' id='word_1_123' title='bbox 275 2095 506 2179; x_wconf 89' lang='lat' dir='ltr'><strong>Cecropides.”</strong></span> <span class='ocrx_word' id='word_1_124' title='bbox 551 2096 656 2160; x_wconf 89' lang='lat' dir='ltr'><strong>Vivas</strong></span> <span class='ocrx_word' id='word_1_125' title='bbox 678 2107 709 2158; x_wconf 93' lang='lat' dir='ltr'><strong>et</strong></span> <span class='ocrx_word' id='word_1_126' title='bbox 731 2095 866 2180; x_wconf 88' lang='lat' dir='ltr'><strong>originis</strong></span> <span class='ocrx_word' id='word_1_127' title='bbox 888 2097 980 2161; x_wconf 81' lang='lat' dir='ltr'><strong>birine</strong></span> <span class='ocrx_word' id='word_1_128' title='bbox 1152 2083 1154 2088; x_wconf 48' lang='grc'>’</span> 
     </span>
     <span class='ocr_line' id='line_1_20' title="bbox 102 2197 1083 2291; baseline -0.004 -26"><span class='ocrx_word' id='word_1_129' title='bbox 102 2200 228 2265; x_wconf 86' lang='lat' dir='ltr'><strong>Gaudia</strong></span> <span class='ocrx_word' id='word_1_130' title='bbox 251 2199 347 2283; x_wconf 84' lang='lat' dir='ltr'><strong>longa</strong></span> <span class='ocrx_word' id='word_1_131' title='bbox 370 2199 476 2262; x_wconf 80' lang='lat' dir='ltr'><strong>feras:</strong></span> <span class='ocrx_word' id='word_1_132' title='bbox 500 2209 604 2262; x_wconf 89' lang='lat' dir='ltr'><strong>tamen</strong></span> <span class='ocrx_word' id='word_1_133' title='bbox 627 2197 688 2262; x_wconf 88' lang='lat' dir='ltr'><strong>ima</strong></span> <span class='ocrx_word' id='word_1_134' title='bbox 711 2198 808 2280; x_wconf 92' lang='lat' dir='ltr'><strong>plebe</strong></span> <span class='ocrx_word' id='word_1_135' title='bbox 831 2197 990 2278; x_wconf 85' lang='lat' dir='ltr'><strong>Quiritem</strong></span> <span class='ocrx_word' id='word_1_136' title='bbox 1079 2279 1083 2291; x_wconf 64' lang='lat'><strong>.</strong></span> 
     </span>
     <span class='ocr_line' id='line_1_21' title="bbox 101 2300 976 2375; baseline -0.006 -8"><span class='ocrx_word' id='word_1_137' title='bbox 101 2304 287 2367; x_wconf 84' lang='lat' dir='ltr'><strong>Facundum</strong></span> <span class='ocrx_word' id='word_1_138' title='bbox 309 2300 470 2375; x_wconf 88' lang='lat' dir='ltr'><strong>invenies;</strong></span> <span class='ocrx_word' id='word_1_139' title='bbox 493 2302 577 2366; x_wconf 89' lang='lat' dir='ltr'><strong>solet</strong></span> <span class='ocrx_word' id='word_1_140' title='bbox 599 2300 653 2364; x_wconf 92' lang='lat' dir='ltr'><strong>hic</strong></span> <span class='ocrx_word' id='word_1_141' title='bbox 675 2300 843 2364; x_wconf 80' lang='lat' dir='ltr'><strong>defendere</strong></span> <span class='ocrx_word' id='word_1_142' title='bbox 865 2321 976 2366; x_wconf 84' lang='lat' dir='ltr'><strong>causas</strong></span> 
     </span>
    </p>
   </div>
   <div class='ocr_carea' id='block_1_5' title="bbox 105 2400 850 2486">
    <p class='ocr_par' dir='ltr' id='par_1_13' title="bbox 105 2400 850 2486">
     <span class='ocr_line' id='line_1_22' title="bbox 105 2400 850 2486; baseline -0.003 -18"><span class='ocrx_word' id='word_1_143' title='bbox 105 2403 234 2470; x_wconf 84' lang='lat' dir='ltr'><strong>Nobilis</strong></span> <span class='ocrx_word' id='word_1_144' title='bbox 257 2400 394 2481; x_wconf 90' lang='lat' dir='ltr'><strong>indocti,</strong></span> <span class='ocrx_word' id='word_1_145' title='bbox 419 2400 524 2466; x_wconf 88' lang='lat' dir='ltr'><strong>veniet</strong></span> <span class='ocrx_word' id='word_1_146' title='bbox 546 2405 585 2466; x_wconf 91' lang='lat' dir='ltr'><strong>de</strong></span> <span class='ocrx_word' id='word_1_147' title='bbox 606 2403 700 2485; x_wconf 90' lang='lat' dir='ltr'><strong>plebe</strong></span> <span class='ocrx_word' id='word_1_148' title='bbox 721 2413 850 2486; x_wconf 75' lang='lat' dir='ltr'><strong>togata,</strong></span> 
     </span>
    </p>
   </div>
   <div class='ocr_carea' id='block_1_6' title="bbox 92 2606 1228 4328">
    <p class='ocr_par' dir='ltr' id='par_1_14' title="bbox 92 2606 1228 4328">
     <span class='ocr_line' id='line_1_23' title="bbox 102 2606 1224 2684; baseline 0.001 -25"><span class='ocrx_word' id='word_1_149' title='bbox 102 2630 129 2660; x_wconf 81' lang='lat' dir='ltr'><strong>re</strong></span> <span class='ocrx_word' id='word_1_150' title='bbox 148 2628 206 2660; x_wconf 85' lang='lat' dir='ltr'><strong>vera</strong></span> <span class='ocrx_word' id='word_1_151' title='bbox 228 2612 343 2668; x_wconf 81' lang='lat' dir='ltr'><strong>praebes,</strong></span> <span class='ocrx_word' id='word_1_152' title='bbox 363 2618 419 2658; x_wconf 85' lang='lat' dir='ltr'><strong>tunc</strong></span> <span class='ocrx_word' id='word_1_153' title='bbox 439 2615 573 2660; x_wconf 82' lang='lat' dir='ltr'><strong>exclamare</strong></span> <span class='ocrx_word' id='word_1_154' title='bbox 593 2613 668 2668; x_wconf 86' lang='lat' dir='ltr'><strong>libel,</strong></span> <span class='ocrx_word' id='word_1_155' title='bbox 688 2606 875 2683; x_wconf 66' lang='grc' dir='ltr'><strong><em>εὑρήκαμεν,</em></strong></span> <span class='ocrx_word' id='word_1_156' title='bbox 895 2613 1124 2684; x_wconf 74' lang='grc' dir='ltr'><strong>συγχαίρομεν.”</strong></span> <span class='ocrx_word' id='word_1_157' title='bbox 1150 2616 1224 2662; x_wconf 85' lang='lat' dir='ltr'><strong>Web.</strong></span> 
     </span>
     <span class='ocr_line' id='line_1_24' title="bbox 101 2683 1226 2742; baseline 0 -13"><span class='ocrx_word' id='word_1_158' title='bbox 101 2686 172 2729; x_wconf 85' lang='lat' dir='ltr'><strong>aliter</strong></span> <span class='ocrx_word' id='word_1_159' title='bbox 191 2685 315 2728; x_wconf 82' lang='lat' dir='ltr'><strong>distinxit:</strong></span> <span class='ocrx_word' id='word_1_160' title='bbox 341 2684 443 2741; x_wconf 81' lang='lat' dir='ltr'><strong>patriae</strong></span> <span class='ocrx_word' id='word_1_161' title='bbox 467 2684 611 2742; x_wconf 75' lang='lat' dir='ltr'><strong>contingis,</strong></span> <span class='ocrx_word' id='word_1_162' title='bbox 642 2684 727 2728; x_wconf 79' lang='lat' dir='ltr'><strong>occuli</strong></span> <span class='ocrx_word' id='word_1_163' title='bbox 746 2683 903 2728; x_wconf 78' lang='lat' dir='ltr'><strong>Exclamare</strong></span> <span class='ocrx_word' id='word_1_164' title='bbox 923 2684 981 2728; x_wconf 84' lang='lat' dir='ltr'><strong>libet</strong></span> <span class='ocrx_word' id='word_1_165' title='bbox 1006 2689 1052 2728; x_wconf 86' lang='lat' dir='ltr'><strong>cet.</strong></span> <span class='ocrx_word' id='word_1_166' title='bbox 1103 2685 1149 2728; x_wconf 84' lang='lat' dir='ltr'><strong>Sed</strong></span> <span class='ocrx_word' id='word_1_167' title='bbox 1168 2686 1226 2736; x_wconf 85' lang='lat' dir='ltr'><strong>baec</strong></span> 
     </span>
     <span class='ocr_line' id='line_1_25' title="bbox 101 2751 1227 2809; baseline 0 -13"><span class='ocrx_word' id='word_1_168' title='bbox 101 2757 165 2798; x_wconf 82' lang='lat' dir='ltr'><strong>ratio</strong></span> <span class='ocrx_word' id='word_1_169' title='bbox 185 2754 240 2797; x_wconf 88' lang='lat' dir='ltr'><strong>ideo</strong></span> <span class='ocrx_word' id='word_1_170' title='bbox 259 2765 337 2797; x_wconf 86' lang='lat' dir='ltr'><strong>rnrnus</strong></span> <span class='ocrx_word' id='word_1_171' title='bbox 360 2752 475 2796; x_wconf 84' lang='lat' dir='ltr'><strong>concinna</strong></span> <span class='ocrx_word' id='word_1_172' title='bbox 494 2757 544 2806; x_wconf 89' lang='lat' dir='ltr'><strong>est,</strong></span> <span class='ocrx_word' id='word_1_173' title='bbox 578 2753 641 2809; x_wconf 85' lang='lat' dir='ltr'><strong>quod</strong></span> <span class='ocrx_word' id='word_1_174' title='bbox 660 2754 720 2798; x_wconf 84' lang='lat' dir='ltr'><strong>dnae</strong></span> <span class='ocrx_word' id='word_1_175' title='bbox 742 2755 777 2798; x_wconf 84' lang='lat' dir='ltr'><strong>sie</strong></span> <span class='ocrx_word' id='word_1_176' title='bbox 800 2753 984 2798; x_wconf 82' lang='lat' dir='ltr'><strong>exclamationes</strong></span> <span class='ocrx_word' id='word_1_177' title='bbox 1004 2751 1063 2798; x_wconf 82' lang='lat' dir='ltr'><strong>finnt</strong></span> <span class='ocrx_word' id='word_1_178' title='bbox 1080 2754 1142 2797; x_wconf 82' lang='lat' dir='ltr'><strong>inire</strong></span> <span class='ocrx_word' id='word_1_179' title='bbox 1159 2756 1227 2798; x_wconf 75' lang='lat' dir='ltr'><strong>&#39;iuter</strong></span> 
     </span>
     <span class='ocr_line' id='line_1_26' title="bbox 101 2815 1227 2889; baseline -0.001 -22"><span class='ocrx_word' id='word_1_180' title='bbox 101 2837 128 2867; x_wconf 87' lang='lat' dir='ltr'><strong>se</strong></span> <span class='ocrx_word' id='word_1_181' title='bbox 158 2835 290 2866; x_wconf 78' lang='lat' dir='ltr'><strong>connexae.</strong></span> <span class='ocrx_word' id='word_1_182' title='bbox 339 2820 363 2876; x_wconf 90' lang='grc'><strong>1)</strong></span> <span class='ocrx_word' id='word_1_183' title='bbox 388 2820 460 2865; x_wconf 83' lang='lat' dir='ltr'><strong>Saloe</strong></span> <span class='ocrx_word' id='word_1_184' title='bbox 484 2819 615 2866; x_wconf 71' lang='lat' dir='ltr'><strong>Gaetulice</strong></span> <span class='ocrx_word' id='word_1_185' title='bbox 636 2827 682 2866; x_wconf 83' lang='lat' dir='ltr'><strong>cel.</strong></span> <span class='ocrx_word' id='word_1_186' title='bbox 728 2820 753 2877; x_wconf 84' lang='lat'><strong>2)</strong></span> <span class='ocrx_word' id='word_1_187' title='bbox 772 2815 941 2889; x_wconf 76' lang='grc' dir='ltr'><strong><em>εὑρήκαμεν</em></strong></span> <span class='ocrx_word' id='word_1_188' title='bbox 966 2827 1012 2868; x_wconf 86' lang='lat' dir='ltr'><strong>eet.</strong></span> <span class='ocrx_word' id='word_1_189' title='bbox 1050 2823 1151 2877; x_wconf 83' lang='lat' dir='ltr'><strong>„Colca</strong></span> <span class='ocrx_word' id='word_1_190' title='bbox 1173 2829 1227 2879; x_wconf 85' lang='lat' dir='ltr'><strong>post</strong></span> 
     </span>
     <span class='ocr_line' id='line_1_27' title="bbox 102 2889 1226 2951; baseline 0 -15"><span class='ocrx_word' id='word_1_191' title='bbox 102 2893 187 2936; x_wconf 79' lang='lat' dir='ltr'><strong>osculi</strong></span> <span class='ocrx_word' id='word_1_192' title='bbox 205 2893 274 2945; x_wconf 85' lang='lat' dir='ltr'><strong>posui</strong></span> <span class='ocrx_word' id='word_1_193' title='bbox 294 2903 338 2945; x_wconf 88' lang='lat' dir='ltr'><strong>pro</strong></span> <span class='ocrx_word' id='word_1_194' title='bbox 357 2894 462 2945; x_wconf 88' lang='lat' dir='ltr'><strong>puncto,</strong></span> <span class='ocrx_word' id='word_1_195' title='bbox 482 2891 545 2947; x_wconf 89' lang='lat' dir='ltr'><strong>qnod</strong></span> <span class='ocrx_word' id='word_1_196' title='bbox 564 2895 617 2934; x_wconf 85' lang='lat' dir='ltr'><strong>ante</strong></span> <span class='ocrx_word' id='word_1_197' title='bbox 634 2891 707 2938; x_wconf 89' lang='lat' dir='ltr'><strong>Web.</strong></span> <span class='ocrx_word' id='word_1_198' title='bbox 726 2893 804 2936; x_wconf 84' lang='lat' dir='ltr'><strong>eret.’&#39;</strong></span> <span class='ocrx_word' id='word_1_199' title='bbox 823 2892 854 2936; x_wconf 91' lang='lat' dir='ltr'><strong>G.</strong></span> <span class='ocrx_word' id='word_1_200' title='bbox 874 2891 905 2935; x_wconf 81' lang='grc' dir='ltr'><strong>Ε.</strong></span> <span class='ocrx_word' id='word_1_201' title='bbox 925 2891 1057 2936; x_wconf 86' lang='lat' dir='ltr'><strong>Weberus.</strong></span> <span class='ocrx_word' id='word_1_202' title='bbox 1108 2889 1150 2937; x_wconf 79' lang='lat'><strong>32.</strong></span> <span class='ocrx_word' id='word_1_203' title='bbox 1169 2905 1226 2951; x_wconf 84' lang='lat' dir='ltr'><strong>quo-</strong></span> 
     </span>
     <span class='ocr_line' id='line_1_28' title="bbox 100 2956 1227 3020; baseline 0.002 -16"><span class='ocrx_word' id='word_1_204' title='bbox 100 2960 202 3005; x_wconf 82' lang='lat' dir='ltr'><strong>iusdam</strong></span> <span class='ocrx_word' id='word_1_205' title='bbox 213 2960 243 3003; x_wconf 84' lang='lat' dir='ltr'><strong>C.</strong></span> <span class='ocrx_word' id='word_1_206' title='bbox 263 2965 286 3004; x_wconf 89' lang='lat' dir='ltr'><strong>et</strong></span> <span class='ocrx_word' id='word_1_207' title='bbox 304 2960 366 3003; x_wconf 84' lang='lat' dir='ltr'><strong>idern</strong></span> <span class='ocrx_word' id='word_1_208' title='bbox 385 2960 445 3003; x_wconf 88' lang='lat' dir='ltr'><strong>Cod.</strong></span> <span class='ocrx_word' id='word_1_209' title='bbox 465 2969 535 3015; x_wconf 83' lang='lat' dir='ltr'><strong>saepe</strong></span> <span class='ocrx_word' id='word_1_210' title='bbox 548 2959 651 3017; x_wconf 77' lang='lat' dir='ltr'><strong>quoius,</strong></span> <span class='ocrx_word' id='word_1_211' title='bbox 671 2961 743 3018; x_wconf 82' lang='lat' dir='ltr'><strong>quoi,</strong></span> <span class='ocrx_word' id='word_1_212' title='bbox 764 2975 845 3020; x_wconf 84' lang='lat' dir='ltr'><strong>quom.</strong></span> <span class='ocrx_word' id='word_1_213' title='bbox 884 2956 926 3005; x_wconf 90' lang='lat'><strong>33.</strong></span> <span class='ocrx_word' id='word_1_214' title='bbox 946 2957 1073 3020; x_wconf 77' lang='lat' dir='ltr'><strong>Cyrnum]</strong></span> <span class='ocrx_word' id='word_1_215' title='bbox 1091 2967 1126 3005; x_wconf 83' lang='lat' dir='ltr'><strong>alc</strong></span> <span class='ocrx_word' id='word_1_216' title='bbox 1140 2963 1227 3017; x_wconf 84' lang='lat' dir='ltr'><strong>scripsi</strong></span> 
     </span>
     <span class='ocr_line' id='line_1_29' title="bbox 103 3028 1226 3089; baseline 0.001 -16"><span class='ocrx_word' id='word_1_217' title='bbox 103 3034 127 3073; x_wconf 88' lang='lat' dir='ltr'><strong>nt</strong></span> <span class='ocrx_word' id='word_1_218' title='bbox 144 3029 256 3087; x_wconf 77' lang='lat' dir='ltr'><strong>ambigue</strong></span> <span class='ocrx_word' id='word_1_219' title='bbox 278 3033 302 3073; x_wconf 87' lang='lat' dir='ltr'><strong>ct</strong></span> <span class='ocrx_word' id='word_1_220' title='bbox 324 3028 356 3072; x_wconf 89' lang='lat' dir='ltr'><strong>sit</strong></span> <span class='ocrx_word' id='word_1_221' title='bbox 374 3028 455 3074; x_wconf 83' lang='lat' dir='ltr'><strong>beroia</strong></span> <span class='ocrx_word' id='word_1_222' title='bbox 477 3042 563 3074; x_wconf 84' lang='lat' dir='ltr'><strong>nornen</strong></span> <span class='ocrx_word' id='word_1_223' title='bbox 584 3033 608 3072; x_wconf 92' lang='lat' dir='ltr'><strong>et</strong></span> <span class='ocrx_word' id='word_1_224' title='bbox 628 3030 752 3082; x_wconf 76' lang='lat' dir='ltr'><strong>candidum</strong></span> <span class='ocrx_word' id='word_1_225' title='bbox 776 3028 903 3088; x_wconf 81' lang='lat' dir='ltr'><strong>significet.</strong></span> <span class='ocrx_word' id='word_1_226' title='bbox 941 3033 1020 3089; x_wconf 80' lang='lat' dir='ltr'><strong>Vulgo</strong></span> <span class='ocrx_word' id='word_1_227' title='bbox 1039 3043 1164 3089; x_wconf 76' lang='lat' dir='ltr'><strong>arenula:</strong></span> <span class='ocrx_word' id='word_1_228' title='bbox 1185 3033 1226 3075; x_wconf 89' lang='lat' dir='ltr'><strong>sed</strong></span> 
     </span>
     <span class='ocr_line' id='line_1_30' title="bbox 102 3096 1228 3158; baseline -0.001 -15"><span class='ocrx_word' id='word_1_229' title='bbox 102 3100 250 3144; x_wconf 84' lang='lat' dir='ltr'><strong>concinuilas</strong></span> <span class='ocrx_word' id='word_1_230' title='bbox 268 3111 333 3142; x_wconf 80' lang='lat' dir='ltr'><strong>noan.</strong></span> <span class='ocrx_word' id='word_1_231' title='bbox 353 3110 391 3152; x_wconf 91' lang='lat' dir='ltr'><strong>pr.</strong></span> <span class='ocrx_word' id='word_1_232' title='bbox 411 3098 528 3154; x_wconf 89' lang='lat' dir='ltr'><strong>requiril,</strong></span> <span class='ocrx_word' id='word_1_233' title='bbox 561 3103 585 3140; x_wconf 86' lang='lat' dir='ltr'><strong>ut</strong></span> <span class='ocrx_word' id='word_1_234' title='bbox 605 3096 723 3152; x_wconf 77' lang='lat' dir='ltr'><strong>Atlanta,</strong></span> <span class='ocrx_word' id='word_1_235' title='bbox 742 3097 859 3157; x_wconf 85' lang='lat' dir='ltr'><strong>Europen</strong></span> <span class='ocrx_word' id='word_1_236' title='bbox 878 3098 1015 3158; x_wconf 81' lang='lat' dir='ltr'><strong>(Europam</strong></span> <span class='ocrx_word' id='word_1_237' title='bbox 1033 3099 1062 3144; x_wconf 78' lang='lat' dir='ltr'><strong>F.</strong></span> <span class='ocrx_word' id='word_1_238' title='bbox 1080 3101 1228 3146; x_wconf 88' lang='lat' dir='ltr'><strong>solus.inler</strong></span> 
     </span>
     <span class='ocr_line' id='line_1_31' title="bbox 102 3166 1226 3226; baseline 0.001 -16"><span class='ocrx_word' id='word_1_239' title='bbox 102 3166 194 3222; x_wconf 85' lang='lat' dir='ltr'><strong>aneos.)</strong></span> <span class='ocrx_word' id='word_1_240' title='bbox 230 3168 307 3221; x_wconf 85' lang='lat' dir='ltr'><strong>Saepe</strong></span> <span class='ocrx_word' id='word_1_241' title='bbox 333 3172 412 3210; x_wconf 90' lang='lat' dir='ltr'><strong>autem</strong></span> <span class='ocrx_word' id='word_1_242' title='bbox 433 3167 509 3210; x_wconf 80' lang='lat' dir='ltr'><strong>servis</strong></span> <span class='ocrx_word' id='word_1_243' title='bbox 529 3167 644 3221; x_wconf 84' lang='lat' dir='ltr'><strong>heroum,</strong></span> <span class='ocrx_word' id='word_1_244' title='bbox 665 3181 749 3226; x_wconf 83' lang='lat' dir='ltr'><strong>regum</strong></span> <span class='ocrx_word' id='word_1_245' title='bbox 770 3173 817 3213; x_wconf 88' lang='lat' dir='ltr'><strong>cet.</strong></span> <span class='ocrx_word' id='word_1_246' title='bbox 838 3169 933 3213; x_wconf 86' lang='lat' dir='ltr'><strong>nornina</strong></span> <span class='ocrx_word' id='word_1_247' title='bbox 956 3168 1140 3224; x_wconf 84' lang='lat' dir='ltr'><strong>imponebantur</strong></span> <span class='ocrx_word' id='word_1_248' title='bbox 1160 3169 1226 3225; x_wconf 86' lang='lat' dir='ltr'><strong>;clr.</strong></span> 
     </span>
     <span class='ocr_line' id='line_1_32' title="bbox 101 3232 1227 3294; baseline 0 -14"><span class='ocrx_word' id='word_1_249' title='bbox 101 3237 229 3291; x_wconf 84' lang='lat' dir='ltr'><strong>laseriptt..</strong></span> <span class='ocrx_word' id='word_1_250' title='bbox 245 3249 311 3279; x_wconf 82' lang='lat' dir='ltr'><strong>ineas</strong></span> <span class='ocrx_word' id='word_1_251' title='bbox 327 3235 381 3280; x_wconf 79' lang='lat' dir='ltr'><strong>Lat.</strong></span> <span class='ocrx_word' id='word_1_252' title='bbox 402 3235 432 3280; x_wconf 81' lang='lat' dir='ltr'><strong>ll.</strong></span> <span class='ocrx_word' id='word_1_253' title='bbox 454 3232 531 3280; x_wconf 78' lang='grc'><strong>2783.</strong></span> <span class='ocrx_word' id='word_1_254' title='bbox 568 3237 628 3279; x_wconf 80' lang='lat' dir='ltr'><strong>Mox</strong></span> <span class='ocrx_word' id='word_1_255' title='bbox 643 3250 749 3294; x_wconf 81' lang='lat' dir='ltr'><strong>parcam</strong></span> <span class='ocrx_word' id='word_1_256' title='bbox 771 3250 854 3280; x_wconf 86' lang='lat' dir='ltr'><strong>ornnes</strong></span> <span class='ocrx_word' id='word_1_257' title='bbox 879 3239 926 3281; x_wconf 91' lang='lat' dir='ltr'><strong>mei</strong></span> <span class='ocrx_word' id='word_1_258' title='bbox 948 3238 1008 3282; x_wconf 77' lang='lat' dir='ltr'><strong>dcli.</strong></span> <span class='ocrx_word' id='word_1_259' title='bbox 1029 3238 1104 3284; x_wconf 89' lang='lat' dir='ltr'><strong>Web.</strong></span> <span class='ocrx_word' id='word_1_260' title='bbox 1120 3251 1227 3294; x_wconf 75' lang='lat' dir='ltr'><strong>pravam</strong></span> 
     </span>
     <span class='ocr_line' id='line_1_33' title="bbox 101 3302 1227 3366; baseline 0 -16"><span class='ocrx_word' id='word_1_261' title='bbox 101 3319 156 3350; x_wconf 85' lang='lat' dir='ltr'><strong>curn</strong></span> <span class='ocrx_word' id='word_1_262' title='bbox 175 3306 235 3350; x_wconf 87' lang='lat' dir='ltr'><strong>Cdd.</strong></span> <span class='ocrx_word' id='word_1_263' title='bbox 256 3305 314 3362; x_wconf 89' lang='lat' dir='ltr'><strong>aliq.</strong></span> <span class='ocrx_word' id='word_1_264' title='bbox 334 3305 394 3348; x_wconf 87' lang='lat' dir='ltr'><strong>baud</strong></span> <span class='ocrx_word' id='word_1_265' title='bbox 413 3306 463 3348; x_wconf 90' lang='lat' dir='ltr'><strong>scio</strong></span> <span class='ocrx_word' id='word_1_266' title='bbox 476 3319 506 3348; x_wconf 84' lang='lat' dir='ltr'><strong>an</strong></span> <span class='ocrx_word' id='word_1_267' title='bbox 519 3306 678 3361; x_wconf 85' lang='lat' dir='ltr'><strong>inrilusllnp.</strong></span> <span class='ocrx_word' id='word_1_268' title='bbox 716 3303 758 3350; x_wconf 77' lang='lat' dir='ltr'><strong>al.</strong></span> <span class='ocrx_word' id='word_1_269' title='bbox 771 3302 864 3363; x_wconf 86' lang='lat' dir='ltr'><strong>fremit</strong></span> <span class='ocrx_word' id='word_1_270' title='bbox 881 3306 953 3351; x_wconf 64' lang='grc' dir='ltr'><strong>ΑΒΕ.</strong></span> <span class='ocrx_word' id='word_1_271' title='bbox 975 3307 1011 3352; x_wconf 90' lang='lat' dir='ltr'><strong>lb.</strong></span> <span class='ocrx_word' id='word_1_272' title='bbox 1025 3304 1097 3366; x_wconf 81' lang='lat' dir='ltr'><strong>Ergo</strong></span> <span class='ocrx_word' id='word_1_273' title='bbox 1116 3305 1227 3364; x_wconf 73' lang='lat' dir='ltr'><strong>carebia]</strong></span> 
     </span>
     <span class='ocr_line' id='line_1_34' title="bbox 100 3369 1227 3428; baseline -0.001 -10"><span class='ocrx_word' id='word_1_274' title='bbox 100 3369 320 3419; x_wconf 81' lang='lat' dir='ltr'><strong>Estallocntio&#39;ad</strong></span> <span class='ocrx_word' id='word_1_275' title='bbox 339 3376 470 3428; x_wconf 86' lang='lat' dir='ltr'><strong>lectorem,</strong></span> <span class='ocrx_word' id='word_1_276' title='bbox 493 3377 583 3418; x_wconf 87' lang='lat' dir='ltr'><strong>nonad</strong></span> <span class='ocrx_word' id='word_1_277' title='bbox 600 3375 693 3421; x_wconf 89' lang='lat' dir='ltr'><strong>nobiles</strong></span> <span class='ocrx_word' id='word_1_278' title='bbox 707 3389 731 3419; x_wconf 85' lang='lat' dir='ltr'><strong>v.</strong></span> <span class='ocrx_word' id='word_1_279' title='bbox 752 3372 794 3420; x_wconf 84' lang='lat'><strong>2⁶.</strong></span> <span class='ocrx_word' id='word_1_280' title='bbox 815 3372 856 3419; x_wconf 81' lang='lat'><strong>27.</strong></span> <span class='ocrx_word' id='word_1_281' title='bbox 878 3371 920 3420; x_wconf 83' lang='grc'><strong>38.</strong></span> <span class='ocrx_word' id='word_1_282' title='bbox 941 3377 1086 3420; x_wconf 83' lang='lat' dir='ltr'><strong>nominatos.</strong></span> <span class='ocrx_word' id='word_1_283' title='bbox 1124 3372 1166 3420; x_wconf 84' lang='grc'><strong>38.</strong></span> <span class='ocrx_word' id='word_1_284' title='bbox 1187 3375 1227 3418; x_wconf 85' lang='lat' dir='ltr'><strong>Sic</strong></span> 
     </span>
     <span class='ocr_line' id='line_1_35' title="bbox 100 3443 1224 3490; baseline 0 -2"><span class='ocrx_word' id='word_1_285' title='bbox 100 3457 186 3488; x_wconf 85' lang='lat' dir='ltr'><strong>ornnes</strong></span> <span class='ocrx_word' id='word_1_286' title='bbox 204 3444 312 3489; x_wconf 72' lang='lat' dir='ltr'><strong>mei.,-</strong></span> <span class='ocrx_word' id='word_1_287' title='bbox 338 3457 369 3488; x_wconf 83' lang='lat' dir='ltr'><strong>rae</strong></span> <span class='ocrx_word' id='word_1_288' title='bbox 394 3444 431 3487; x_wconf 83' lang='lat' dir='ltr'><strong>sie</strong></span> <span class='ocrx_word' id='word_1_289' title='bbox 455 3448 482 3488; x_wconf 87' lang='lat' dir='ltr'><strong>lu</strong></span> <span class='ocrx_word' id='word_1_290' title='bbox 506 3443 551 3488; x_wconf 86' lang='lat' dir='ltr'><strong>Cd.</strong></span> <span class='ocrx_word' id='word_1_291' title='bbox 572 3444 688 3488; x_wconf 84' lang='lat' dir='ltr'><strong>Scburull.</strong></span> <span class='ocrx_word' id='word_1_292' title='bbox 709 3463 742 3477; x_wconf 88' lang='lat'>-</span> <span class='ocrx_word' id='word_1_293' title='bbox 761 3458 792 3488; x_wconf 87' lang='lat' dir='ltr'><strong>ne</strong></span> <span class='ocrx_word' id='word_1_294' title='bbox 809 3449 835 3487; x_wconf 90' lang='lat' dir='ltr'><strong>lu</strong></span> <span class='ocrx_word' id='word_1_295' title='bbox 853 3444 891 3488; x_wconf 83' lang='lat' dir='ltr'><strong>sic</strong></span> <span class='ocrx_word' id='word_1_296' title='bbox 912 3445 970 3489; x_wconf 91' lang='lat' dir='ltr'><strong>lunii</strong></span> <span class='ocrx_word' id='word_1_297' title='bbox 995 3450 1019 3490; x_wconf 88' lang='lat' dir='ltr'><strong>et</strong></span> <span class='ocrx_word' id='word_1_298' title='bbox 1040 3445 1141 3488; x_wconf 85' lang='lat' dir='ltr'><strong>Schrad.</strong></span> <span class='ocrx_word' id='word_1_299' title='bbox 1159 3445 1224 3488; x_wconf 88' lang='lat' dir='ltr'><strong>coni.</strong></span> 
     </span>
     <span class='ocr_line' id='line_1_36' title="bbox 98 3510 1228 3571; baseline -0.001 -14"><span class='ocrx_word' id='word_1_300' title='bbox 98 3511 216 3558; x_wconf 81' lang='lat' dir='ltr'><strong>Creticus</strong></span> <span class='ocrx_word' id='word_1_301' title='bbox 231 3526 364 3571; x_wconf 86' lang='lat' dir='ltr'><strong>cognomen</strong></span> <span class='ocrx_word' id='word_1_302' title='bbox 383 3512 412 3556; x_wconf 93' lang='lat' dir='ltr'><strong>C.</strong></span> <span class='ocrx_word' id='word_1_303' title='bbox 433 3512 532 3557; x_wconf 88' lang='lat' dir='ltr'><strong>Caecilii</strong></span> <span class='ocrx_word' id='word_1_304' title='bbox 551 3514 659 3567; x_wconf 82' lang='lat' dir='ltr'><strong>Metelli,</strong></span> <span class='ocrx_word' id='word_1_305' title='bbox 689 3512 801 3557; x_wconf 86' lang='lat' dir='ltr'><strong>Consulis</strong></span> <span class='ocrx_word' id='word_1_306' title='bbox 820 3527 845 3556; x_wconf 90' lang='lat' dir='ltr'><strong>u.</strong></span> <span class='ocrx_word' id='word_1_307' title='bbox 864 3527 885 3557; x_wconf 84' lang='lat' dir='ltr'><strong>c.</strong></span> <span class='ocrx_word' id='word_1_308' title='bbox 908 3510 966 3558; x_wconf 76' lang='grc'><strong>681.</strong></span> <span class='ocrx_word' id='word_1_309' title='bbox 1017 3510 1168 3558; x_wconf 77' lang='lat' dir='ltr'><strong>Camerinus</strong></span> <span class='ocrx_word' id='word_1_310' title='bbox 1186 3526 1228 3558; x_wconf 79' lang='lat' dir='ltr'><strong>co·</strong></span> 
     </span>
     <span class='ocr_line' id='line_1_37' title="bbox 97 3578 1225 3641; baseline -0.002 -15"><span class='ocrx_word' id='word_1_311' title='bbox 97 3595 204 3641; x_wconf 85' lang='lat' dir='ltr'><strong>gnomen</strong></span> <span class='ocrx_word' id='word_1_312' title='bbox 221 3582 339 3637; x_wconf 84' lang='lat' dir='ltr'><strong>Sulpiciae</strong></span> <span class='ocrx_word' id='word_1_313' title='bbox 356 3582 444 3640; x_wconf 80' lang='lat' dir='ltr'><strong>geniis.</strong></span> <span class='ocrx_word' id='word_1_314' title='bbox 492 3579 534 3626; x_wconf 77' lang='lat' dir='ltr'><strong>ll.</strong></span> <span class='ocrx_word' id='word_1_315' title='bbox 554 3579 858 3627; x_wconf 58' lang='lat' dir='ltr'><strong>alicnatoalienato·</strong></span> <span class='ocrx_word' id='word_1_316' title='bbox 878 3578 999 3637; x_wconf 80' lang='lat' dir='ltr'><strong>(Plautus)</strong></span> <span class='ocrx_word' id='word_1_317' title='bbox 1016 3596 1065 3639; x_wconf 86' lang='lat' dir='ltr'><strong>per</strong></span> <span class='ocrx_word' id='word_1_318' title='bbox 1084 3587 1225 3625; x_wconf 81' lang='lat' dir='ltr'><strong>maternam</strong></span> 
     </span>
     <span class='ocr_line' id='line_1_38' title="bbox 97 3648 1226 3712; baseline -0.003 -15"><span class='ocrx_word' id='word_1_319' title='bbox 97 3651 228 3711; x_wconf 80' lang='lat' dir='ltr'><strong>originem</strong></span> <span class='ocrx_word' id='word_1_320' title='bbox 242 3651 304 3708; x_wconf 85' lang='lat' dir='ltr'><strong>pari</strong></span> <span class='ocrx_word' id='word_1_321' title='bbox 321 3663 351 3694; x_wconf 86' lang='lat' dir='ltr'><strong>ac</strong></span> <span class='ocrx_word' id='word_1_322' title='bbox 368 3649 437 3696; x_wconf 83' lang='lat' dir='ltr'><strong>Nero</strong></span> <span class='ocrx_word' id='word_1_323' title='bbox 455 3650 540 3712; x_wconf 82' lang='lat' dir='ltr'><strong>gradu</strong></span> <span class='ocrx_word' id='word_1_324' title='bbox 558 3665 574 3694; x_wconf 84' lang='lat' dir='ltr'><strong>a</strong></span> <span class='ocrx_word' id='word_1_325' title='bbox 589 3650 623 3696; x_wconf 85' lang='lat' dir='ltr'><strong>D.</strong></span> <span class='ocrx_word' id='word_1_326' title='bbox 642 3650 765 3711; x_wconf 80' lang='lat' dir='ltr'><strong>Augusto.</strong></span> <span class='ocrx_word' id='word_1_327' title='bbox 786 3651 846 3696; x_wconf 85' lang='lat' dir='ltr'><strong>Tar.</strong></span> <span class='ocrx_word' id='word_1_328' title='bbox 866 3651 928 3696; x_wconf 78' lang='lat' dir='ltr'><strong>Aua.</strong></span> <span class='ocrx_word' id='word_1_329' title='bbox 954 3648 1000 3706; x_wconf 82' lang='lat'><strong>13,</strong></span> <span class='ocrx_word' id='word_1_330' title='bbox 1023 3649 1064 3697; x_wconf 75' lang='lat'><strong>19.</strong></span> <span class='ocrx_word' id='word_1_331' title='bbox 1083 3649 1147 3694; x_wconf 86' lang='lat' dir='ltr'><strong>filius</strong></span> <span class='ocrx_word' id='word_1_332' title='bbox 1171 3651 1226 3694; x_wconf 88' lang='lat' dir='ltr'><strong>scil.</strong></span> 
     </span>
     <span class='ocr_line' id='line_1_39' title="bbox 97 3718 1226 3778; baseline -0.003 -14"><span class='ocrx_word' id='word_1_333' title='bbox 97 3721 207 3765; x_wconf 79' lang='lat' dir='ltr'><strong>Rubellii</strong></span> <span class='ocrx_word' id='word_1_334' title='bbox 226 3720 309 3765; x_wconf 83' lang='lat' dir='ltr'><strong>lilandi</strong></span> <span class='ocrx_word' id='word_1_335' title='bbox 328 3724 352 3764; x_wconf 90' lang='lat' dir='ltr'><strong>el</strong></span> <span class='ocrx_word' id='word_1_336' title='bbox 372 3721 463 3775; x_wconf 87' lang='lat' dir='ltr'><strong>iuliae,</strong></span> <span class='ocrx_word' id='word_1_337' title='bbox 489 3734 548 3778; x_wconf 91' lang='lat' dir='ltr'><strong>quac</strong></span> <span class='ocrx_word' id='word_1_338' title='bbox 567 3721 612 3764; x_wconf 83' lang='lat' dir='ltr'><strong>init</strong></span> <span class='ocrx_word' id='word_1_339' title='bbox 628 3718 678 3765; x_wconf 86' lang='lat' dir='ltr'><strong>filia</strong></span> <span class='ocrx_word' id='word_1_340' title='bbox 695 3722 783 3776; x_wconf 86' lang='lat' dir='ltr'><strong>Drusi,</strong></span> <span class='ocrx_word' id='word_1_341' title='bbox 804 3723 881 3776; x_wconf 87' lang='lat' dir='ltr'><strong>neptis</strong></span> <span class='ocrx_word' id='word_1_342' title='bbox 894 3721 976 3764; x_wconf 86' lang='lat' dir='ltr'><strong>Liviae</strong></span> <span class='ocrx_word' id='word_1_343' title='bbox 995 3725 1019 3766; x_wconf 87' lang='lat' dir='ltr'><strong>et</strong></span> <span class='ocrx_word' id='word_1_344' title='bbox 1037 3719 1164 3775; x_wconf 80' lang='lat' dir='ltr'><strong>proneptis</strong></span> <span class='ocrx_word' id='word_1_345' title='bbox 1186 3718 1226 3762; x_wconf 86' lang='lat' dir='ltr'><strong>Li·</strong></span> 
     </span>
     <span class='ocr_line' id='line_1_40' title="bbox 96 3788 1226 3848; baseline -0.004 -13"><span class='ocrx_word' id='word_1_346' title='bbox 96 3793 153 3835; x_wconf 82' lang='lat' dir='ltr'><strong>viae</strong></span> <span class='ocrx_word' id='word_1_347' title='bbox 169 3788 301 3848; x_wconf 73' lang='lat' dir='ltr'><strong>Augustae.</strong></span> <span class='ocrx_word' id='word_1_348' title='bbox 321 3813 354 3822; x_wconf 94' lang='lat'><em>-</em></span> <span class='ocrx_word' id='word_1_349' title='bbox 373 3789 471 3833; x_wconf 83' lang='lat' dir='ltr'><strong>Tacitus</strong></span> <span class='ocrx_word' id='word_1_350' title='bbox 489 3794 590 3834; x_wconf 69' lang='lat' dir='ltr'><strong>ronna:</strong></span> <span class='ocrx_word' id='word_1_351' title='bbox 619 3792 649 3835; x_wconf 80' lang='grc' dir='ltr'><strong>Α.</strong></span> <span class='ocrx_word' id='word_1_352' title='bbox 671 3788 711 3836; x_wconf 85' lang='lat' dir='ltr'><strong>1l.</strong></span> <span class='ocrx_word' id='word_1_353' title='bbox 732 3788 775 3834; x_wconf 80' lang='lat'><strong>22.</strong></span> <span class='ocrx_word' id='word_1_354' title='bbox 824 3789 881 3845; x_wconf 84' lang='lat' dir='ltr'><strong>Ipse</strong></span> <span class='ocrx_word' id='word_1_355' title='bbox 898 3791 994 3846; x_wconf 81' lang='lat' dir='ltr'><strong>placila</strong></span> <span class='ocrx_word' id='word_1_356' title='bbox 1015 3789 1141 3833; x_wconf 74' lang='lat' dir='ltr'><strong>anulorum</strong></span> <span class='ocrx_word' id='word_1_357' title='bbox 1160 3788 1226 3831; x_wconf 85' lang='lat' dir='ltr'><strong>cole·</strong></span> 
     </span>
     <span class='ocr_line' id='line_1_41' title="bbox 96 3856 1225 3912; baseline -0.003 -9"><span class='ocrx_word' id='word_1_358' title='bbox 96 3859 160 3912; x_wconf 81' lang='lat' dir='ltr'><strong>bal,</strong></span> <span class='ocrx_word' id='word_1_359' title='bbox 191 3856 279 3903; x_wconf 79' lang='lat' dir='ltr'><strong>dadila</strong></span> <span class='ocrx_word' id='word_1_360' title='bbox 293 3870 405 3912; x_wconf 78' lang='lat' dir='ltr'><strong>¹secero„</strong></span> <span class='ocrx_word' id='word_1_361' title='bbox 434 3864 507 3904; x_wconf 82' lang='lat' dir='ltr'><strong>caela</strong></span> <span class='ocrx_word' id='word_1_362' title='bbox 532 3864 557 3902; x_wconf 81' lang='lat' dir='ltr'><strong>et</strong></span> <span class='ocrx_word' id='word_1_363' title='bbox 578 3864 677 3903; x_wconf 74' lang='lat' dir='ltr'><strong>secreta</strong></span> <span class='ocrx_word' id='word_1_364' title='bbox 702 3857 783 3904; x_wconf 80' lang='lat' dir='ltr'><strong>domo.</strong></span> <span class='ocrx_word' id='word_1_365' title='bbox 825 3857 913 3902; x_wconf 79' lang='lat' dir='ltr'><strong>Planta</strong></span> <span class='ocrx_word' id='word_1_366' title='bbox 942 3858 967 3902; x_wconf 87' lang='lat' dir='ltr'><strong>b.</strong></span> <span class='ocrx_word' id='word_1_367' title='bbox 996 3859 1013 3902; x_wconf 91' lang='lat' dir='ltr'><strong>l.</strong></span> <span class='ocrx_word' id='word_1_368' title='bbox 1033 3857 1098 3902; x_wconf 83' lang='lat' dir='ltr'><strong>dedit</strong></span> <span class='ocrx_word' id='word_1_369' title='bbox 1119 3856 1225 3901; x_wconf 89' lang='lat' dir='ltr'><strong>ilennin.</strong></span> 
     </span>
     <span class='ocr_line' id='line_1_42' title="bbox 98 3925 1226 3986; baseline -0.002 -14"><span class='ocrx_word' id='word_1_370' title='bbox 98 3925 147 3972; x_wconf 73' lang='lat'><strong>42.</strong></span> <span class='ocrx_word' id='word_1_371' title='bbox 166 3927 212 3971; x_wconf 84' lang='lat' dir='ltr'><strong>aud</strong></span> <span class='ocrx_word' id='word_1_372' title='bbox 233 3927 292 3972; x_wconf 67' lang='lat' dir='ltr'><strong>aire</strong></span> <span class='ocrx_word' id='word_1_373' title='bbox 310 3926 362 3971; x_wconf 71' lang='grc' dir='ltr'><strong>ΡΘ.</strong></span> <span class='ocrx_word' id='word_1_374' title='bbox 383 3939 505 3986; x_wconf 78' lang='lat' dir='ltr'><strong>aggerem</strong></span> <span class='ocrx_word' id='word_1_375' title='bbox 524 3927 630 3986; x_wconf 76' lang='lat' dir='ltr'><strong>intellige</strong></span> <span class='ocrx_word' id='word_1_376' title='bbox 648 3942 662 3972; x_wconf 87' lang='lat' dir='ltr'><strong>a</strong></span> <span class='ocrx_word' id='word_1_377' title='bbox 680 3928 813 3984; x_wconf 82' lang='lat' dir='ltr'><strong>Tarquinio</strong></span> <span class='ocrx_word' id='word_1_378' title='bbox 831 3926 942 3981; x_wconf 79' lang='lat' dir='ltr'><strong>superbo</strong></span> <span class='ocrx_word' id='word_1_379' title='bbox 959 3931 1077 3972; x_wconf 76' lang='lat' dir='ltr'><strong>structum</strong></span> <span class='ocrx_word' id='word_1_380' title='bbox 1096 3939 1110 3969; x_wconf 85' lang='lat' dir='ltr'><strong>a</strong></span> <span class='ocrx_word' id='word_1_381' title='bbox 1131 3926 1226 3970; x_wconf 89' lang='lat' dir='ltr'><strong>Collina</strong></span> 
     </span>
     <span class='ocr_line' id='line_1_43' title="bbox 95 3991 1224 4054; baseline 0 -14"><span class='ocrx_word' id='word_1_382' title='bbox 95 4001 171 4053; x_wconf 85' lang='lat' dir='ltr'><strong>porla</strong></span> <span class='ocrx_word' id='word_1_383' title='bbox 190 3997 310 4053; x_wconf 88' lang='lat' dir='ltr'><strong>usquead</strong></span> <span class='ocrx_word' id='word_1_384' title='bbox 328 3996 495 4054; x_wconf 79' lang='lat' dir='ltr'><strong>Esquilinam,</strong></span> <span class='ocrx_word' id='word_1_385' title='bbox 528 3997 567 4040; x_wconf 91' lang='lat' dir='ltr'><strong>ubi</strong></span> <span class='ocrx_word' id='word_1_386' title='bbox 583 3997 682 4041; x_wconf 85' lang='lat' dir='ltr'><strong>viliores</strong></span> <span class='ocrx_word' id='word_1_387' title='bbox 701 4002 725 4042; x_wconf 87' lang='lat' dir='ltr'><strong>et</strong></span> <span class='ocrx_word' id='word_1_388' title='bbox 750 3996 883 4052; x_wconf 83' lang='lat' dir='ltr'><strong>paupertini</strong></span> <span class='ocrx_word' id='word_1_389' title='bbox 904 3995 1015 4054; x_wconf 83' lang='lat' dir='ltr'><strong>agebant.</strong></span> <span class='ocrx_word' id='word_1_390' title='bbox 1035 3997 1087 4043; x_wconf 84' lang='lat' dir='ltr'><strong>Sal.</strong></span> <span class='ocrx_word' id='word_1_391' title='bbox 1109 3992 1143 4050; x_wconf 82' lang='grc'><strong>6,</strong></span> <span class='ocrx_word' id='word_1_392' title='bbox 1164 3991 1224 4041; x_wconf 83' lang='grc'><strong>588.</strong></span> 
     </span>
     <span class='ocr_line' id='line_1_44' title="bbox 93 4061 1225 4126; baseline -0.003 -15"><span class='ocrx_word' id='word_1_393' title='bbox 93 4065 228 4111; x_wconf 78' lang='lat' dir='ltr'><strong>Plebeiuns</strong></span> <span class='ocrx_word' id='word_1_394' title='bbox 243 4066 273 4109; x_wconf 77' lang='lat' dir='ltr'><strong>iss</strong></span> <span class='ocrx_word' id='word_1_395' title='bbox 291 4065 360 4110; x_wconf 84' lang='lat' dir='ltr'><strong>eirca</strong></span> <span class='ocrx_word' id='word_1_396' title='bbox 375 4065 487 4122; x_wconf 81' lang='lat' dir='ltr'><strong>positam</strong></span> <span class='ocrx_word' id='word_1_397' title='bbox 505 4071 542 4110; x_wconf 79' lang='lat' dir='ltr'><strong>eet</strong></span> <span class='ocrx_word' id='word_1_398' title='bbox 559 4071 583 4109; x_wconf 82' lang='lat' dir='ltr'><strong>el</strong></span> <span class='ocrx_word' id='word_1_399' title='bbox 601 4067 627 4109; x_wconf 85' lang='lat' dir='ltr'><strong>in</strong></span> <span class='ocrx_word' id='word_1_400' title='bbox 646 4078 742 4126; x_wconf 82' lang='lat' dir='ltr'><strong>aggere</strong></span> <span class='ocrx_word' id='word_1_401' title='bbox 753 4061 850 4123; x_wconf 85' lang='lat' dir='ltr'><strong>satum.</strong></span> <span class='ocrx_word' id='word_1_402' title='bbox 870 4078 894 4108; x_wconf 78' lang='lat' dir='ltr'><strong>a.</strong></span> <span class='ocrx_word' id='word_1_403' title='bbox 914 4064 1014 4109; x_wconf 86' lang='lat' dir='ltr'><strong>Nardini</strong></span> <span class='ocrx_word' id='word_1_404' title='bbox 1038 4063 1117 4110; x_wconf 85' lang='lat' dir='ltr'><strong>Rorna</strong></span> <span class='ocrx_word' id='word_1_405' title='bbox 1138 4065 1225 4110; x_wconf 84' lang='lat' dir='ltr'><strong>aulica</strong></span> 
     </span>
     <span class='ocr_line' id='line_1_45' title="bbox 93 4130 1225 4193; baseline -0.004 -13"><span class='ocrx_word' id='word_1_406' title='bbox 93 4137 139 4181; x_wconf 84' lang='lat' dir='ltr'><strong>ed.</strong></span> <span class='ocrx_word' id='word_1_407' title='bbox 157 4134 247 4189; x_wconf 75' lang='lat' dir='ltr'><strong>Nibby.</strong></span> <span class='ocrx_word' id='word_1_408' title='bbox 266 4135 342 4179; x_wconf 83' lang='lat' dir='ltr'><strong>linrna</strong></span> <span class='ocrx_word' id='word_1_409' title='bbox 363 4131 439 4178; x_wconf 86' lang='grc'><strong>1818.</strong></span> <span class='ocrx_word' id='word_1_410' title='bbox 459 4136 516 4178; x_wconf 82' lang='lat' dir='ltr'><strong>Vol.</strong></span> <span class='ocrx_word' id='word_1_411' title='bbox 531 4132 555 4183; x_wconf 84' lang='lat'><strong>2.</strong></span> <span class='ocrx_word' id='word_1_412' title='bbox 570 4149 594 4189; x_wconf 88' lang='lat' dir='ltr'><strong>p.</strong></span> <span class='ocrx_word' id='word_1_413' title='bbox 611 4131 651 4180; x_wconf 83' lang='lat'><strong>15.</strong></span> <span class='ocrx_word' id='word_1_414' title='bbox 689 4131 732 4179; x_wconf 74' lang='lat' dir='ltr'><strong>lt.</strong></span> <span class='ocrx_word' id='word_1_415' title='bbox 750 4133 833 4193; x_wconf 80' lang='lat' dir='ltr'><strong>inquil</strong></span> <span class='ocrx_word' id='word_1_416' title='bbox 851 4135 881 4178; x_wconf 80' lang='grc' dir='ltr'><strong>Α.</strong></span> <span class='ocrx_word' id='word_1_417' title='bbox 898 4147 912 4176; x_wconf 86' lang='lat' dir='ltr'><strong>a</strong></span> <span class='ocrx_word' id='word_1_418' title='bbox 925 4147 974 4177; x_wconf 84' lang='lat' dir='ltr'><strong>see.</strong></span> <span class='ocrx_word' id='word_1_419' title='bbox 989 4146 1070 4178; x_wconf 81' lang='lat' dir='ltr'><strong>ariana.</strong></span> <span class='ocrx_word' id='word_1_420' title='bbox 1108 4130 1150 4179; x_wconf 76' lang='grc'><strong>45.</strong></span> <span class='ocrx_word' id='word_1_421' title='bbox 1162 4130 1225 4187; x_wconf 82' lang='lat' dir='ltr'><strong>„Ce-</strong></span> 
     </span>
     <span class='ocr_line' id='line_1_46' title="bbox 92 4201 1223 4262; baseline -0.004 -12"><span class='ocrx_word' id='word_1_422' title='bbox 92 4202 229 4262; x_wconf 80' lang='lat' dir='ltr'><strong>cropides]</strong></span> <span class='ocrx_word' id='word_1_423' title='bbox 254 4209 322 4249; x_wconf 84' lang='lat' dir='ltr'><strong>retus</strong></span> <span class='ocrx_word' id='word_1_424' title='bbox 349 4203 408 4248; x_wconf 84' lang='lat' dir='ltr'><strong>civis</strong></span> <span class='ocrx_word' id='word_1_425' title='bbox 427 4203 566 4257; x_wconf 77' lang='lat' dir='ltr'><strong>Rornanus,</strong></span> <span class='ocrx_word' id='word_1_426' title='bbox 598 4208 637 4258; x_wconf 90' lang='lat' dir='ltr'><strong>ut,</strong></span> <span class='ocrx_word' id='word_1_427' title='bbox 665 4205 705 4261; x_wconf 89' lang='lat' dir='ltr'><strong>qai</strong></span> <span class='ocrx_word' id='word_1_428' title='bbox 723 4216 778 4250; x_wconf 85' lang='lat' dir='ltr'><strong>cum</strong></span> <span class='ocrx_word' id='word_1_429' title='bbox 796 4203 905 4258; x_wconf 84' lang='lat' dir='ltr'><strong>Cecrope</strong></span> <span class='ocrx_word' id='word_1_430' title='bbox 925 4203 948 4248; x_wconf 90' lang='lat' dir='ltr'><strong>in</strong></span> <span class='ocrx_word' id='word_1_431' title='bbox 967 4201 1070 4247; x_wconf 77' lang='lat' dir='ltr'><strong>Atticam</strong></span> <span class='ocrx_word' id='word_1_432' title='bbox 1087 4204 1223 4255; x_wconf 74' lang='lat' dir='ltr'><strong>venissent,</strong></span> 
     </span>
     <span class='ocr_line' id='line_1_47' title="bbox 95 4271 845 4328; baseline -0.003 -10"><span class='ocrx_word' id='word_1_433' title='bbox 95 4275 253 4319; x_wconf 79' lang='lat' dir='ltr'><strong>Athenarum</strong></span> <span class='ocrx_word' id='word_1_434' title='bbox 272 4272 344 4328; x_wconf 86' lang='lat' dir='ltr'><strong>primi</strong></span> <span class='ocrx_word' id='word_1_435' title='bbox 361 4273 455 4318; x_wconf 83' lang='lat' dir='ltr'><strong>incolae</strong></span> <span class='ocrx_word' id='word_1_436' title='bbox 473 4271 596 4319; x_wconf 85' lang='lat' dir='ltr'><strong>luerunt.‘&#39;</strong></span> <span class='ocrx_word' id='word_1_437' title='bbox 614 4272 645 4318; x_wconf 87' lang='lat' dir='ltr'><strong>G.</strong></span> <span class='ocrx_word' id='word_1_438' title='bbox 664 4272 695 4319; x_wconf 76' lang='lat' dir='ltr'><strong>tt.</strong></span> <span class='ocrx_word' id='word_1_439' title='bbox 713 4271 845 4318; x_wconf 82' lang='lat' dir='ltr'><strong>Weberne.</strong></span> 
     </span>
    </p>
   </div>
   <div class='ocr_carea' id='block_1_7' title="bbox 0 0 1478 4816">
    <p class='ocr_par' dir='ltr' id='par_1_15' title="bbox 0 0 1478 4816">
     <span class='ocr_line' id='line_1_48' title="bbox 0 0 1478 4816; baseline 0 3"><span class='ocrx_word' id='word_1_440' title='bbox 0 0 1478 4816; x_wconf 95' lang='lat' dir='ltr'><strong> </strong></span> 
     </span>
    </p>
   </div>
  </div>
 </body>
</html>
