2946 4816
1200 193 1263 260 115

142 351 295 414 Maturus
317 347 422 424 bello,
446 345 619 420 Armeniae
641 347 814 432 Syriaeque
836 347 958 414 tuendis
1098 415 1101 420 ,

141 453 298 516 Amnibus
322 462 352 513 ct
374 451 492 512 Rheno
515 461 609 534 atque
632 451 730 514 Istro.
775 453 947 519 Praestare
970 450 1136 534 Neronem
1196 445 1259 518 lto

140 557 294 618 Securum
318 553 404 618 valet
425 553 504 614 haec
526 562 625 614 aetas.
671 553 768 616 Mitte
792 552 892 628 ostia,
914 551 1057 642 Caesar,

140 655 259 718 Mitte:
283 654 390 716 sedin
413 674 528 735 magna
550 653 688 736 legatum
711 676 835 737 spuere¹
851 655 983 737 popina.
1047 719 1049 724 ,

140 756 289 822 Invenies
312 755 420 838 aliquo
442 777 514 818 cum
537 777 729 836 percussore
752 756 925 835 iacentem,

139 858 340 922 Permixtum
364 856 465 920 nautis
488 868 519 920 ct
541 855 666 920 luribus
690 878 726 919 ac
747 856 909 942 fugitivis,

140 961 239 1022 Inter»
254 959 418 1022 carnifices
441 969 474 1022 et
494 957 607 1022 fabros
631 959 863 1044 sandapilarum

139 1063 185 1125 Et
208 1059 380 1142 resupinati
403 1058 556 1122 cessantia
580 1070 726 1140 tympana
751 1061 853 1124 Galli:

140 1167 255 1244 Aequa
278 1160 322 1224 ilai
342 1162 491 1237 libertas,
516 1162 693 1224 communia
717 1167 852 1242 portula,
877 1164 978 1228 lectus

139 1266 216 1330 Non
239 1261 319 1326 alius
341 1261 488 1344 cuiquam
510 1282 569 1325 nec
593 1283 696 1326 mensa
720 1263 876 1328 rerurotior
898 1264 965 1330 ulti.

141 1366 228 1446 Quid
248 1363 347 1428 facias
369 1365 461 1426 talem
483 1365 635 1438 sortitus,
661 1355 812 1440 Pontice,
837 1367 991 1432 servum?
1080 1429 1084 1436 ,

140 1471 265 1548 Nempe
288 1467 318 1529 in
341 1469 492 1528 Lucanos
514 1477 568 1528 aut
591 1467 695 1528 'saraca
719 1468 878 1550 ergastula
903 1469 1019 1533 mittas.

140 1573 186 1634 At
211 1591 288 1643 ros,
312 1568 536 1652 Troiugenas,
563 1569 656 1632 vobis
678 1568 844 1652 ignoscitis
868 1581 899 1632 ct
921 1592 1001 1654 quae

141 1671 264 1752 Turpia
288 1669 437 1746 cerdoni,
463 1671 605 1734 'Volesos
628 1671 828 1753 Brutumque
851 1671 1020 1742 dccebuut,

140 1773 245 1854 Quid,
270 1773 296 1835 si
319 1794 476 1856 utinquam
499 1773 578 1842 adeo
600 1772 703 1836 foedis
726 1775 870 1855 adeoque
893 1775 1061 1856 pudendis.
1090 1833 1093 1840 .

139 1875 269 1940 Utimur
290 1874 463 1955 exemplis,
486 1869 521 1936 itt
544 1895 606 1936 uon
630 1875 740 1956 peiora
762 1876 957 1955 supersintl

140 1977 350 2059 Consumptis
373 1976 487 2059 opibus
510 1996 641 2051 vocem,
668 1977 882 2066 Damasippo,
907 1979 1021 2044 locasti

140 2079 289 2160 Sipario,
314 2078 486 2142 clamosum
509 2099 622 2160 ageres
647 2091 679 2139 ut
702 2080 839 2143 Phasma
864 2079 994 2144 Catulli.

138 2178 336 2248 Laureolum
360 2180 458 2243 velox
480 2179 572 2241 etiam
596 2181 676 2242 bene
699 2181 856 2243 Lentulus
879 2180 961 2266 egit,

139 2281 250 2345 Iudice
273 2301 336 2354 mc,
362 2279 476 2362 diguus
501 2301 575 2343 vera
598 2301 705 2344 cruce.
750 2283 820 2344 Neo
842 2294 945 2345 tamen
966 2281 1029 2366 ipsi

138 2383 296 2466 Ignoscas
318 2382 460 2464 populo:
485 2381 598 2463 populi
618 2382 709 2446 frons
732 2383 842 2446 durior
864 2383 975 2462 httius,

137 2527 190 2572 AB.
231 2524 289 2572 162.
310 2522 395 2588 Cycne
414 2525 559 2572 tabernaria.
610 2523 668 2572 l66.
688 2516 846 2586 resecentur]
864 2528 894 2573 Α.
915 2544 929 2574 a
948 2543 1046 2574 secan.
1066 2531 1115 2579 BD.
1138 2531 1196 2578 G.a
1218 2547 1257 2588 pr.

137 2610 220 2650 manu,
240 2597 318 2651 aptius
339 2609 409 2653 quam
425 2598 495 2652 vulgo
522 2602 676 2642 resecentur.
714 2598 773 2640 utut
798 2603 850 2646 est:
879 2613 941 2656 „per
963 2613 994 2653 ,se
1016 2605 1156 2644 omittuntur
1177 2601 1258 2648 aduttd

136 2670 226 2710 aetate·
265 2666 323 2708 lliuc
347 2679 403 2710 sanc
430 2665 524 2722 indulge
548 2665 628 2719 pueris
652 2679 678 2710 ea
700 2667 919 2720 courrnitteutibus,
948 2683 1005 2714 rnox
1024 2671 1088 2713 ultro
1110 2671 1258 2714 relictut·is.”

135 2733 291 2779 Reseceutur
314 2739 411 2786 contra,
440 2735 592 2798 ,omittenda
616 2729 703 2786 sutrtss'
732 2737 935 2782 acommodatum
954 2739 1047 2782 vidntur
1062 2740 1090 2782 ad
1109 2752 1160 2795 aeq.
1183 2729 1258 2794 tumel

136 2793 251 2848 ratiruim.
269 2803 362 2849 barbo:
383 2803 425 2855 ,ia
448 2801 626 2846 barbitoudio.''
645 2803 727 2848 Gloss.
749 2803 864 2848 Eiusiedl.
904 2803 961 2849 168.
982 2806 1152 2866 trascriptuque
1166 2805 1257 2869 lintea]

136 2875 228 2930 pictum
244 2873 322 2916 velum
341 2885 363 2915 e.
383 2871 500 2926 siparium
515 2876 568 2917 ante
588 2873 675 2915 ostium
699 2871 828 2926 tabernae,
858 2873 1028 2930 tharruopotti,
1058 2889 1194 2930 earupouae,
1214 2891 1258 2932 po·

135 2943 208 2998 piuae
237 2930 394 2994 suspensum,
428 2941 451 2984 in
471 2946 608 2996 quoerant
630 2941 691 2986 tituli
712 2955 794 2986 rerum
816 2943 947 2996 vestalium,
978 2944 1128 2988 incitationes
1150 2950 1258 2999 praeler-

137 3010 260 3064 euntimn,
291 3011 362 3056 veluti
382 3011 439 3054 haec
457 3010 564 3067 Lugduni
586 3014 681 3065 reperta
699 3009 833 3066 (lnscriptt.
857 3011 910 3059 aar.
934 3011 964 3057 ll.
986 3010 1074 3068 4329.)
1110 3011 1257 3066 Mercurius

136 3077 179 3124 laic
198 3079 298 3123 lucrum
314 3081 451 3136 promittit,
471 3067 560 3135 Apollo
577 3079 704 3122 sulutem:
723 3077 890 3135 Septematrus
908 3078 1044 3138 hospitium
1063 3096 1119 3128 curu
1134 3083 1258 3140 prandio.

136 3147 188 3210 Qui
204 3149 317 3202 uenerit,
336 3150 425 3192 melius
445 3153 535 3193 utetur.
577 3146 652 3202 Post,
672 3146 763 3204 hospes
787 3147 964 3204 adimerem,
987 3151 1114 3210 prospice.
1153 3151 1187 3195 Ea
1212 3153 1257 3209 igi·

136 3223 176 3261 tur
195 3217 218 3260 iu
235 3217 333 3262 taberna
353 3219 404 3262 alca
426 3217 589 3270 offerebatur,
610 3217 746 3270 tatu-atium,
767 3217 912 3272 hospitium,
945 3221 1078 3272 prandium.
1119 3218 1176 3264 173.
1194 3235 1258 3276 per-

135 3285 253 3344 cussore]
284 3287 392 3340 „sicario
419 3292 459 3330 aut
488 3286 647 3349 gladiatore?
679 3287 759 3330 Scltol.
811 3283 868 3335 180.
888 3287 971 3332 enittee
990 3289 1018 3331 P.
1069 3286 1128 3333 182.
1151 3287 1257 3334 Volusor

135 3356 210 3400 CDF.
230 3357 333 3399 Volesus
352 3357 454 3399 Sabinus
472 3361 540 3409 pater
554 3353 584 3398 P.
613 3356 704 3400 Valerii
723 3355 861 3409 Poplicolae
883 3361 907 3400 et
923 3361 1006 3400 auctor
1030 3359 1109 3415 gentis
1125 3358 1255 3410 Natarum,

107 3441 109 3448 ·
135 3438 208 3482 quiam
227 3438 280 3468 cum
300 3425 371 3468 Tatio
390 3425 491 3468 Bonnam
507 3425 599 3468 vetuisse
617 3425 690 3468 tradit
707 3424 807 3473 Diout's.
831 3425 890 3485 flat..
906 3423 930 3476 2,
952 3422 993 3476 46.
1045 3424 1103 3470 13⁶.
1124 3428 1209 3470 iniurius
1224 3426 1254 3481 Q.

133 3493 225 3537 Lutatii
245 3491 332 3537 Catulli
357 3494 495 3547 Urbicauii,
522 3483 673 3546 ‘cotrupcsttuc
691 3494 718 3535 ad
741 3495 876 3548 exemplum
895 3494 1031 3536 Menandri.
1077 3491 1134 3538 187.
1155 3494 1258 3546 „Altera

134 3563 225 3621 §atulli
245 3561 324 3605 fabula
350 3563 483 3606 Laureolus
509 3566 575 3614 erat,
599 3563 634 3606 sic
653 3563 804 3605 notraiuataa
827 3563 946 3605 latr-ouum
966 3564 1042 3614 duce,
1070 3563 1107 3620 qui
1132 3551 1214 3617 eaptus
1233 3562 1257 3610 in

134 3643 207 3676 cruce
224 3621 362 3675 necabatur.
383 3631 440 3676 Clu.
466 3633 522 3675 Sat.¹
542 3627 587 3684 13,
614 3628 672 3693 111.
686 3626 816 3688 fugitivus
841 3631 877 3687 (h.
899 3633 915 3675 l.
935 3623 1023 3690 uelox)
1042 3645 1133 3674 acurru
1152 3627 1254 3676 Catulli.

134 3701 267 3753 Lentulus,
287 3714 332 3762 pou
350 3701 546 3758 utriumgraplms,
579 3701 620 3744 seu
636 3699 725 3746 nobilis
741 3706 792 3752 est,
813 3701 883 3744 horno
904 3701 1077 3753 perditissimus
1096 3704 1120 3744 et
1142 3699 1256 3743 Laureoli

134 3770 245 3812 moribus
264 3773 333 3825 atquc
349 3771 444 3827 iugenio
464 3770 617 3821 summanus,
640 3774 663 3812 ut
683 3769 726 3814 bac
745 3770 772 3813 de
793 3759 864 3814 causa
886 3769 936 3813 eius
956 3783 1083 3824 personam
1103 3768 1162 3812 bene
1184 3781 1256 3825 agere

134 3839 239 3892 posset!
264 3839 336 3881 ch.
357 3839 392 3882 au
412 3840 471 3882 huuc
492 3839 610 3882 Catullum
627 3837 777 3882 Urbicarinm
793 3837 898 3882 refemur
917 3839 1037 3882 Martialis
1053 3838 1204 3894 Epigramma
1216 3836 1254 3892 (5,

134 3903 190 3962 30.)
234 3905 329 3961 Varro,
367 3905 502 3964 Sophocleo
534 3921 584 3952 uon
609 3905 740 3967 infitianda
768 3905 888 3956 rotlauruo
911 3905 963 3950 Nec
984 3907 1067 3950 uulnus
1095 3906 1121 3948 iu
1148 3902 1258 3952 Calubroe

132 3974 295 4033 suspiciende
320 3977 399 4032 tyru,
429 3973 513 4036 Differ
540 3988 620 4032 opus,
652 3989 697 4018 nec
722 3981 743 4018 te
760 3971 873 4033 sucreradi
894 3989 988 4020 acuerau
1008 3969 1100 4018 Catulli
1119 3973 1255 4030 Detiucut,

132 4043 210 4090 cultis
235 4050 279 4088 uut
300 4042 392 4104 Elegio
411 4045 500 4090 cornia.
537 4044 587 4089 Sed
604 4047 659 4104 tege
670 4039 774 4102 surrrcso
793 4057 843 4088 nou
862 4041 1023 4100 ueperuunclu
1045 4042 1179 4088 Decembri
1196 4041 1257 4087 Cur·

133 4113 223 4168 minu,
244 4114 377 4168 amittuntur
394 4127 459 4172 qaue
475 4113 521 4158 tibi
540 4125 625 4160 meuse
644 4125 689 4157 auo
699 4125 709 4166 ;
737 4111 894 4160 Corramoda'ue
912 4112 964 4157 uisi
974 4108 1046 4169 sorte
1063 4113 1111 4160 tibi
1123 4114 1256 4173 potiusque

134 4181 236 4230 uidetur
254 4181 438 4227 Suturuulitioa
452 4181 580 4242 perdere,
602 4179 700 4236 Vurro,
722 4195 808 4232 nucea,
