2952 4826
106 359 304 436 Discedunt3
326 369 427 423 totum
451 355 546 424 video
568 355 737 439 perinane
761 354 830 440 geri
851 375 922 419 res:
988 359 991 366 ’

108 466 256 546 Apparet
278 460 388 526 divbm
410 481 523 524 numen
544 462 696 545 sedesque
718 456 860 544 quietae3

111 566 201 645 Quas
221 585 322 649 neque
345 560 530 628 concutiunt
552 560 657 626 ventei
677 582 736 626 nec
757 558 865 624 nubila
886 555 1002 622 nimbis

112 669 298 750 Aspergunt
318 686 420 751 neque
441 663 498 727 nix
519 664 587 728 acri
609 674 759 728 concreta
780 661 913 745 pruina,

113 769 202 834 Cana
226 771 339 832 cadens
363 765 480 832 violat:
506 787 692 851 semperque
714 763 873 829 innubilus
894 765 1004 828 aether

111 875 242 956 Integer
263 882 295 934 et
315 870 405 952 large
428 868 544 933 diffuso
566 867 682 932 lumine
703 866 800 932 ridet.

113 973 227 1040 Omnia
250 971 429 1055 suppeditat
450 992 555 1053 porro
577 982 690 1034 natura
710 991 811 1056 neque
834 969 898 1034 ulla

111 1078 179 1142 Res
201 1074 295 1138 animi
315 1096 426 1157 pacem
448 1073 566 1137 delibat
585 1084 731 1156 tempore
750 1071 783 1136 iu
804 1072 885 1138 ullo.

28 1171 29 1181 ¹
111 1181 159 1244 At
181 1188 295 1241 contra
317 1197 468 1260 nusquam
491 1186 645 1258 apparent
665 1174 845 1240 Acherusia
866 1176 1000 1259 templa;
1182 1175 1221 1236 25

112 1283 184 1344 Nec
205 1279 300 1342 tellus
320 1280 445 1354 obstat,
471 1277 547 1363 quin
569 1277 674 1352 omnia
697 1276 927 1360 despiciantur,

113 1385 180 1448 Sub
202 1379 337 1464 pedibus
359 1401 600 1465 quaequomque
622 1378 707 1442 infra
727 1400 786 1463 per
806 1378 898 1442 inane
921 1389 1087 1464 geruntur.

113 1484 176 1550 His
197 1483 244 1546 ibi
266 1503 314 1545 me
335 1484 431 1545 rebus
453 1485 605 1567 quaedam
627 1481 737 1546 divina
758 1481 907 1564 voluptas

114 1584 262 1669 Percipit
283 1594 378 1669 atque
398 1587 538 1659 horror3
560 1586 649 1668 quod
670 1584 716 1648 sic
737 1592 849 1647 natura
870 1594 923 1646 tua
945 1582 979 1646 vi

115 1691 196 1751 'l'am
219 1685 381 1750 manifesta
402 1696 513 1767 patens
534 1707 576 1749 ex
598 1685 684 1750 omni
704 1698 795 1769 parte
816 1696 979 1750 retectast.

96 1793 160 1854 ,Et
180 1787 330 1874 quoniam
353 1786 465 1863 docui,
490 1798 673 1851 cunctarum
695 1787 829 1854 exordia
850 1809 957 1852 rerum

116 1891 231 1975 Qualia
252 1891 314 1955 sint
336 1901 366 1953 et
388 1911 483 1975 quam
504 1889 604 1953 variis
626 1889 772 1955 distantia
793 1889 910 1955 formis

115 1999 237 2079 Sponte
260 2016 316 2057 sua
337 1993 473 2057 volitent
494 2003 624 2057 aeterno
646 1992 769 2075 percita
791 2003 896 2068 motu,

116 2100 253 2182 Quoque
276 2098 371 2160 modo
394 2092 519 2177 possint
539 2115 591 2157 res
613 2116 654 2158 ex
674 2094 724 2158 his
745 2117 889 2181 quaeque
912 2094 1035 2159 creari:

115 2204 224 2266 Hasce
245 2199 415 2263 secundum
436 2219 488 2262 res
509 2196 604 2261 animi
625 2209 736 2261 natura
757 2196 884 2260 videtur
1186 2199 1225 2261 35

25 2358 31 2363 .
115 2306 223 2388 Atque
245 2301 366 2364 animae
389 2299 536 2362 claranda
558 2298 637 2364 meis
657 2298 720 2362 iam
742 2297 887 2363 versibus
909 2320 995 2375 esse;

116 2409 163 2470 Et
184 2415 282 2468 nactus
304 2401 359 2466 ille
379 2403 470 2466 foras
490 2422 644 2483 praeceps
667 2401 862 2466 Acheruntis
884 2406 1043 2486 agendus,

116 2506 272 2573 Funditus
293 2507 459 2569 humanam
481 2503 654 2591 quiritem
676 2507 786 2566 turbat
806 2507 846 2567 ab
869 2502 952 2580 imo,

118 2609 234 2675 Omnia
256 2610 435 2672 suffundens
456 2605 570 2670 mortis
591 2605 726 2691 nigrore
747 2628 849 2692 neque
872 2607 967 2670 ullam

117 2716 200 2778 Esse
222 2711 417 2793 voluptatem
438 2707 589 2794 liquidam
611 2730 786 2794 puramque
807 2707 971 2796 relinquit.
1187 2715 1228 2776 40

117 2966 141 2997 v.
162 2965 184 2995 e.
199 2951 252 2994 Cic.
266 2951 294 2994 de
308 2949 363 2995 Nat.
375 2951 451 2994 Deor.
465 2947 495 3006 2,
509 2944 551 2994 35.
571 2948 692 2995 dubitasse
710 2952 826 3007 quosdam
844 2950 901 2994 dicit
913 2953 941 2996 de
953 2953 1056 3006 mundo,
1077 2965 1163 2998 casune
1177 2954 1227 3010 ipse

117 3024 151 3068 sit
168 3021 266 3066 effeetus
284 3024 325 3066 aut
341 3021 482 3065 necessitate
502 3019 595 3076 aliqua,
612 3033 641 3063 an
659 3019 757 3063 ratione
775 3033 806 3063 ae
824 3025 903 3064 mente
922 3019 1022 3075 diuina,
1043 3026 1067 3067 et
1079 3036 1125 3079 quo
1139 3023 1229 3068 Lucre-

118 3093 167 3137 tius
183 3091 234 3146 ipse
254 3087 284 3144 2,
306 3087 364 3135 180.
390 3091 460 3134 docet
481 3102 636 3148 naquaquam
651 3087 730 3134 mobis
752 3088 874 3134 divinitus
899 3102 954 3134 stae
978 3098 1089 3136 ereetum
1112 3081 1230 3138 tacituram

117 3158 220 3213 mundi,
240 3173 310 3217 quum
325 3160 350 3203 h.
367 3159 385 3204 l.
402 3158 476 3214 accipi
492 3159 627 3216 neutiquam
642 3163 737 3213 posset,
757 3158 843 3204 Larnb.
862 3160 890 3204 de
906 3160 1004 3204 lanoctii
1017 3163 1080 3206 coni.
1098 3164 1176 3208 dedit:
1196 3187 1229 3198 ’-

116 3228 186 3274 haud
209 3227 308 3282 dietata,
337 3231 398 3286 quod
422 3229 572 3274 retinuerunt
590 3241 665 3285 usque
686 3229 715 3272 ad
733 3227 806 3273 Wak.
846 3229 898 3273 lloe
922 3230 1016 3286 quidem
1039 3233 1093 3276 loro
1119 3233 1166 3290 legi
1189 3233 1229 3276 via

117 3302 211 3356 potest:
232 3298 298 3341 rntio
317 3323 326 3332 -
345 3323 355 3332 -
373 3304 472 3353 coortu,
493 3303 518 3342 ut
536 3294 566 3352 4,
587 3295 646 3342 434.
666 3299 732 3341 ratio
748 3297 778 3340 ab
791 3298 906 3342 sensibus
918 3305 992 3354 ortu,
1014 3297 1044 3356 5,
1060 3298 1117 3346 3³6.
1138 3307 1230 3346 nutura

117 3368 180 3414 lauat·
198 3380 283 3411 rerum
301 3367 413 3428 ratioque
428 3373 677 3426 repertaearnuper.
714 3364 756 3413 21.
777 3367 816 3412 Sic
831 3367 859 3413 C.
874 3369 988 3414 Cantabr.
1000 3371 1077 3416 lunia.
1090 3371 1145 3416 ΑΜ.
1157 3369 1182 3416 2.
1198 3393 1227 3403 ·-

117 3441 178 3483 llav.
197 3451 295 3493 semper
313 3437 441 3481 innubilus
461 3434 545 3481 aether
563 3450 617 3482 cum
632 3437 686 3481 aliis
704 3436 763 3481 Cdd.
778 3437 853 3482 Forb.
885 3439 976 3482 Verum
992 3441 1052 3485 adeo
1067 3454 1137 3496 saepe
1156 3454 1229 3500 quer

118 3509 179 3554 cdd.
196 3507 296 3562 excidit,
326 3512 351 3550 ut
368 3508 442 3552 nolim
462 3511 590 3562 propterea
607 3507 727 3551 licentiam
741 3508 865 3550 metricam
879 3508 1041 3554 introducere.
1072 3533 1105 3542 -
1133 3523 1231 3567 seraper

117 3579 144 3622 in
162 3575 270 3620 nubibus
288 3590 326 3622 ne.
344 3575 375 3621 E.
391 3577 439 3621 Atii
455 3577 515 3624 Cdd.
544 3577 595 3620 lioe
609 3581 744 3622 correctum
759 3575 788 3620 ab
806 3578 849 3621 Αι.
870 3582 893 3621 et
910 3571 971 3623 Pio:
996 3591 1094 3636 seraper
1112 3579 1167 3622 aine
1185 3593 1230 3622 tau-

117 3646 191 3692 tibus
209 3659 265 3701 am,
295 3647 374 3703 sieque
401 3647 474 3695 Wak.
499 3645 553 3691 cfr.
580 3645 667 3702 Odyss.
683 3644 712 3702 6,
732 3642 774 3691 44.
803 3639 877 3696 ἀλλὰ
894 3642 962 3710 μάλ’
978 3641 1069 3717 αἴθρη
1088 3645 1231 3697 πέπταται

117 3711 279 3778 ἀνέφελος,
303 3710 391 3780 λευκὴ
409 3713 432 3764 δ’
450 3712 637 3786 ἐπιδέδρομει)
655 3711 752 3781 αἴγλη.
807 3714 849 3761 22.
869 3715 935 3760 ridet
952 3716 981 3762 c.
1001 3717 1032 3762 Ε.
1052 3718 1082 3761 Α.
1103 3717 1132 3762 ιι.
1152 3718 1232 3778 (riget

116 3785 198 3847 lipia.)
218 3809 251 3819 -
269 3783 331 3830 riclit
342 3787 402 3830 Ver.
416 3788 477 3831 Ven.
489 3787 530 3831 W.
586 3783 627 3831 24.
646 3785 754 3830 delibrut
768 3785 847 3831 L.'ea
869 3785 941 3830 solito
962 3800 1006 3831 suo
1030 3801 1114 3832 errore
1139 3787 1164 3831 in
1186 3788 1230 3834 boc

117 3856 203 3901 verbo.
258 3851 301 3900 26.
320 3851 509 3911 despiciuntur,
537 3857 598 3912 quod
617 3856 661 3900 hoc
680 3858 732 3900 loeo
750 3859 817 3899 reete
835 3869 860 3900 se
878 3855 964 3910 habet,
985 3857 1097 3914 quoniam
1116 3869 1145 3902 ex
1163 3860 1229 3912 alto,

117 3939 178 3984 qnae
196 3924 302 3969 subiecta
320 3924 389 3969 nobis
408 3930 475 3979 sunt,
504 3923 670 3983 despicimua,
695 3923 811 3980 praebent
833 3925 906 3969 etiam
924 3925 972 3969 mei
990 3925 1019 3970 C.
1038 3926 1069 3971 E.
1089 3927 1150 3972 Edd.
1171 3934 1229 3977 vett.

117 3996 174 4040 ald.
193 4018 227 4028 -
248 3993 416 4052 dispiciuntur
427 3991 464 4042 Π.
475 3992 504 4038 L.
515 3995 545 4042 ll.
584 3992 626 4039 23.
645 3993 681 4037 ibi
690 3995 767 4038 Gron.
780 3993 853 4038 Walt.
862 3995 925 4039 roni.
944 4017 977 4028 —·
996 3994 1039 4038 uba·
1050 3995 1126 4041 codd.
1139 3997 1229 4056 (G.E.)

117 4065 181 4109 Edd.
192 4067 251 4108 vett.
264 4085 293 4096 -
306 4063 351 4107 tibi
362 4064 391 4108 Ι..
402 4065 432 4108 Η.
471 4061 512 4110 30.
529 4070 598 4122 putet
610 4090 620 4099 -
632 4089 642 4100 -
654 4057 747 4107 retecta
759 4063 789 4106 Ι..
801 4063 831 4107 Η.
870 4061 911 4108 33.
925 4063 1040 4122 Plerique
1053 4067 1109 4113 libri
1123 4069 1229 4114 alterna.

118 4131 163 4179 39.
184 4133 215 4186 E.
232 4139 256 4178 et
271 4135 330 4178 Edd.
347 4138 404 4179 vett.
424 4131 586 4195 suffundam,
607 4135 667 4178 unde
688 4146 717 4177 ex
732 4133 806 4180 Wak.
822 4133 884 4178 coni.
898 4133 989 4179 Eicbst.
1008 4133 1168 4198 suffossam,
1188 4138 1230 4183 sed

117 4202 258 4260 praestabat
271 4205 331 4248 Cod.
349 4203 378 4248 C.
396 4209 419 4249 et
429 4204 558 4248 dianetum
574 4218 628 4248 enm
642 4202 740 4260 reliquis
755 4202 816 4248 End.
828 4204 909 4262 sequi,
929 4200 1075 4268 suffundens
1085 4207 1229 4254 scribentem

119 4278 146 4317 ut
162 4269 191 4327 ⁶,
210 4268 269 4318 tlt.
288 4269 479 4335 suffunduntque
497 4287 544 4319 aua
562 4274 658 4318 coelum
674 4272 795 4334 caligine.
