<?xml version="1.0" encoding="UTF-8"?>
<!DOCTYPE html PUBLIC "-//W3C//DTD XHTML 1.0 Transitional//EN"
    "http://www.w3.org/TR/xhtml1/DTD/xhtml1-transitional.dtd">
<html xmlns="http://www.w3.org/1999/xhtml" xml:lang="en" lang="en">
 <head>
  <title>
</title>
<meta http-equiv="Content-Type" content="text/html;charset=utf-8" />
  <meta name='ocr-system' content='tesseract 3.04.00' />
  <meta name='ocr-capabilities' content='ocr_page ocr_carea ocr_par ocr_line ocrx_word'/>
</head>
<body>
  <div class='ocr_page' id='page_1' title='image "./eclogaepoetarum01orelgoog_0285.png"; bbox 0 0 2946 4816; ppageno 0'>
   <div class='ocr_carea' id='block_1_1' title="bbox 234 215 299 282">
    <p class='ocr_par' dir='ltr' id='par_1_1' title="bbox 234 215 299 282">
     <span class='ocr_line' id='line_1_1' title="bbox 234 215 299 282; baseline 0 -1"><span class='ocrx_word' id='word_1_1' title='bbox 234 215 299 282; x_wconf 76' lang='lat' dir='ltr'><strong>att</strong></span> 
     </span>
    </p>
   </div>
   <div class='ocr_carea' id='block_1_2' title="bbox 201 359 1360 2386">
    <p class='ocr_par' dir='ltr' id='par_1_2' title="bbox 201 359 1360 2386">
     <span class='ocr_line' id='line_1_2' title="bbox 236 359 1355 442; baseline -0.012 -4"><span class='ocrx_word' id='word_1_2' title='bbox 236 372 292 438; x_wconf 84' lang='lat' dir='ltr'><strong>Sic</strong></span> <span class='ocrx_word' id='word_1_3' title='bbox 313 365 414 436; x_wconf 86' lang='lat' dir='ltr'><strong>Maro</strong></span> <span class='ocrx_word' id='word_1_4' title='bbox 436 385 494 433; x_wconf 83' lang='lat' dir='ltr'><strong>nec</strong></span> <span class='ocrx_word' id='word_1_5' title='bbox 515 363 648 433; x_wconf 79' lang='lat' dir='ltr'><strong>Calabri</strong></span> <span class='ocrx_word' id='word_1_6' title='bbox 670 361 805 432; x_wconf 75' lang='lat' dir='ltr'><strong>tentarit</strong></span> <span class='ocrx_word' id='word_1_7' title='bbox 826 359 963 428; x_wconf 77' lang='lat' dir='ltr'><strong>curarim</strong></span> <span class='ocrx_word' id='word_1_8' title='bbox 986 359 1116 442; x_wconf 77' lang='lat' dir='ltr'><strong>Flacci,</strong></span> <span class='ocrx_word' id='word_1_9' title='bbox 1338 365 1355 426; x_wconf 83' lang='lat'><strong>5</strong></span> 
     </span>
     <span class='ocr_line' id='line_1_3' title="bbox 301 469 1079 553; baseline -0.01 -14"><span class='ocrx_word' id='word_1_10' title='bbox 301 469 492 540; x_wconf 77' lang='lat' dir='ltr'><strong>Pindaricos</strong></span> <span class='ocrx_word' id='word_1_11' title='bbox 514 475 625 533; x_wconf 84' lang='lat' dir='ltr'><strong>nosset</strong></span> <span class='ocrx_word' id='word_1_12' title='bbox 646 490 743 553; x_wconf 81' lang='lat' dir='ltr'><strong>qrroru</strong></span> <span class='ocrx_word' id='word_1_13' title='bbox 764 487 918 551; x_wconf 84' lang='lat' dir='ltr'><strong>superare</strong></span> <span class='ocrx_word' id='word_1_14' title='bbox 942 470 1079 544; x_wconf 76' lang='lat' dir='ltr'><strong>modos3</strong></span> 
     </span>
     <span class='ocr_line' id='line_1_4' title="bbox 236 566 991 644; baseline -0.013 -2"><span class='ocrx_word' id='word_1_15' title='bbox 236 577 282 642; x_wconf 88' lang='lat' dir='ltr'><strong>Et</strong></span> <span class='ocrx_word' id='word_1_16' title='bbox 300 573 405 638; x_wconf 90' lang='lat' dir='ltr'><strong>Vario</strong></span> <span class='ocrx_word' id='word_1_17' title='bbox 427 570 524 636; x_wconf 78' lang='lat' dir='ltr'><strong>cessit</strong></span> <span class='ocrx_word' id='word_1_18' title='bbox 546 570 685 636; x_wconf 82' lang='lat' dir='ltr'><strong>Romani</strong></span> <span class='ocrx_word' id='word_1_19' title='bbox 709 571 800 634; x_wconf 86' lang='lat' dir='ltr'><strong>laude</strong></span> <span class='ocrx_word' id='word_1_20' title='bbox 824 566 991 644; x_wconf 81' lang='lat' dir='ltr'><strong>cothurni,</strong></span> 
     </span>
     <span class='ocr_line' id='line_1_5' title="bbox 301 669 1036 758; baseline -0.01 -18"><span class='ocrx_word' id='word_1_21' title='bbox 301 676 408 756; x_wconf 85' lang='lat' dir='ltr'><strong>Quom</strong></span> <span class='ocrx_word' id='word_1_22' title='bbox 429 684 540 758; x_wconf 84' lang='lat' dir='ltr'><strong>posset</strong></span> <span class='ocrx_word' id='word_1_23' title='bbox 563 671 687 756; x_wconf 79' lang='lat' dir='ltr'><strong>tragico</strong></span> <span class='ocrx_word' id='word_1_24' title='bbox 710 669 828 736; x_wconf 85' lang='lat' dir='ltr'><strong>lortius</strong></span> <span class='ocrx_word' id='word_1_25' title='bbox 852 689 911 736; x_wconf 84' lang='lat' dir='ltr'><strong>ore</strong></span> <span class='ocrx_word' id='word_1_26' title='bbox 932 669 1036 754; x_wconf 82' lang='lat' dir='ltr'><strong>loqui.</strong></span> 
     </span>
     <span class='ocr_line' id='line_1_6' title="bbox 235 773 1172 860; baseline -0.009 -16"><span class='ocrx_word' id='word_1_27' title='bbox 235 775 362 844; x_wconf 80' lang='lat' dir='ltr'><strong>Aurum</strong></span> <span class='ocrx_word' id='word_1_28' title='bbox 384 787 416 842; x_wconf 85' lang='lat' dir='ltr'><strong>et</strong></span> <span class='ocrx_word' id='word_1_29' title='bbox 439 796 517 860; x_wconf 89' lang='lat' dir='ltr'><strong>opes</strong></span> <span class='ocrx_word' id='word_1_30' title='bbox 539 785 571 838; x_wconf 83' lang='lat' dir='ltr'><strong>et</strong></span> <span class='ocrx_word' id='word_1_31' title='bbox 593 794 667 838; x_wconf 90' lang='lat' dir='ltr'><strong>rura</strong></span> <span class='ocrx_word' id='word_1_32' title='bbox 690 774 844 858; x_wconf 81' lang='lat' dir='ltr'><strong>lrequrrm</strong></span> <span class='ocrx_word' id='word_1_33' title='bbox 869 773 1002 838; x_wconf 78' lang='lat' dir='ltr'>donabit</span> <span class='ocrx_word' id='word_1_34' title='bbox 1027 773 1172 848; x_wconf 79' lang='lat' dir='ltr'><strong>amicus3</strong></span> 
     </span>
     <span class='ocr_line' id='line_1_7' title="bbox 300 874 1360 962; baseline -0.008 -18"><span class='ocrx_word' id='word_1_35' title='bbox 300 879 365 962; x_wconf 83' lang='lat' dir='ltr'><strong>Qui</strong></span> <span class='ocrx_word' id='word_1_36' title='bbox 387 878 463 944; x_wconf 89' lang='lat' dir='ltr'><strong>velit</strong></span> <span class='ocrx_word' id='word_1_37' title='bbox 484 874 616 960; x_wconf 81' lang='lat' dir='ltr'><strong>ingenio</strong></span> <span class='ocrx_word' id='word_1_38' title='bbox 639 877 775 950; x_wconf 87' lang='lat' dir='ltr'><strong>cedere,</strong></span> <span class='ocrx_word' id='word_1_39' title='bbox 799 893 895 938; x_wconf 88' lang='lat' dir='ltr'><strong>rarus·</strong></span> <span class='ocrx_word' id='word_1_40' title='bbox 915 875 990 940; x_wconf 87' lang='lat' dir='ltr'><strong>erit.</strong></span> <span class='ocrx_word' id='word_1_41' title='bbox 1322 877 1360 936; x_wconf 85' lang='lat'><strong>10</strong></span> 
     </span>
     <span class='ocr_line' id='line_1_8' title="bbox 517 977 1064 1055; baseline -0.009 -11"><span class='ocrx_word' id='word_1_42' title='bbox 517 980 618 1046; x_wconf 84' lang='lat' dir='ltr'><strong><em>LIX..</em></strong></span> <span class='ocrx_word' id='word_1_43' title='bbox 643 977 821 1044; x_wconf 82' lang='lat' dir='ltr'><strong>Eiusdem.</strong></span> <span class='ocrx_word' id='word_1_44' title='bbox 855 978 912 1055; x_wconf 86' lang='lat' dir='ltr'><strong>(L.</strong></span> <span class='ocrx_word' id='word_1_45' title='bbox 937 978 969 1042; x_wconf 84' lang='lat'><strong>9.</strong></span> <span class='ocrx_word' id='word_1_46' title='bbox 995 979 1064 1055; x_wconf 78' lang='lat'>71.)</span> 
     </span>
     <span class='ocr_line' id='line_1_9' title="bbox 236 1077 1133 1164; baseline -0.008 -16"><span class='ocrx_word' id='word_1_47' title='bbox 236 1081 393 1157; x_wconf 78' lang='lat' dir='ltr'><strong>Dixerat,</strong></span> <span class='ocrx_word' id='word_1_48' title='bbox 417 1099 459 1156; x_wconf 86' lang='lat' dir='ltr'><strong>„o</strong></span> <span class='ocrx_word' id='word_1_49' title='bbox 482 1082 605 1144; x_wconf 78' lang='lat' dir='ltr'><strong>mores!</strong></span> <span class='ocrx_word' id='word_1_50' title='bbox 629 1095 649 1143; x_wconf 89' lang='lat' dir='ltr'><strong>o</strong></span> <span class='ocrx_word' id='word_1_51' title='bbox 672 1080 865 1164; x_wconf 85' lang='lat' dir='ltr'><strong>temporal’&#39;</strong></span> <span class='ocrx_word' id='word_1_52' title='bbox 888 1077 1014 1142; x_wconf 81' lang='lat' dir='ltr'><strong>&#39;l&#39;ullius</strong></span> <span class='ocrx_word' id='word_1_53' title='bbox 1038 1078 1133 1158; x_wconf 86' lang='lat' dir='ltr'><strong>olim,</strong></span> 
     </span>
     <span class='ocr_line' id='line_1_10' title="bbox 300 1179 1075 1267; baseline -0.003 -21"><span class='ocrx_word' id='word_1_54' title='bbox 300 1182 498 1266; x_wconf 84' lang='lat' dir='ltr'>Sacrilegum</span> <span class='ocrx_word' id='word_1_55' title='bbox 520 1191 662 1246; x_wconf 76' lang='lat' dir='ltr'><strong>strueret</strong></span> <span class='ocrx_word' id='word_1_56' title='bbox 684 1202 781 1267; x_wconf 86' lang='lat' dir='ltr'><strong>quom</strong></span> <span class='ocrx_word' id='word_1_57' title='bbox 806 1179 942 1246; x_wconf 78' lang='lat' dir='ltr'>Catilina</span> <span class='ocrx_word' id='word_1_58' title='bbox 967 1184 1075 1245; x_wconf 83' lang='lat' dir='ltr'><strong>ucles:</strong></span> 
     </span>
     <span class='ocr_line' id='line_1_11' title="bbox 201 1281 1149 1370; baseline -0.002 -22"><span class='ocrx_word' id='word_1_59' title='bbox 201 1287 204 1292; x_wconf 85' lang='grc'><strong>’</strong></span> <span class='ocrx_word' id='word_1_60' title='bbox 237 1287 345 1370; x_wconf 82' lang='lat' dir='ltr'><strong>Quom</strong></span> <span class='ocrx_word' id='word_1_61' title='bbox 368 1305 467 1370; x_wconf 81' lang='lat' dir='ltr'><strong>gener</strong></span> <span class='ocrx_word' id='word_1_62' title='bbox 490 1294 584 1368; x_wconf 80' lang='lat' dir='ltr'><strong>atque</strong></span> <span class='ocrx_word' id='word_1_63' title='bbox 603 1302 699 1347; x_wconf 87' lang='lat' dir='ltr'><strong>socer</strong></span> <span class='ocrx_word' id='word_1_64' title='bbox 722 1281 797 1346; x_wconf 87' lang='lat' dir='ltr'><strong>diris</strong></span> <span class='ocrx_word' id='word_1_65' title='bbox 819 1295 1030 1347; x_wconf 77' lang='lat' dir='ltr'>concurreret</span> <span class='ocrx_word' id='word_1_66' title='bbox 1053 1283 1149 1346; x_wconf 80' lang='lat' dir='ltr'><strong>erinis</strong></span> 
     </span>
     <span class='ocr_line' id='line_1_12' title="bbox 299 1384 1043 1470; baseline -0.004 -19"><span class='ocrx_word' id='word_1_67' title='bbox 299 1385 490 1470; x_wconf 72' lang='lat' dir='ltr'><strong>Maestaque</strong></span> <span class='ocrx_word' id='word_1_68' title='bbox 513 1384 598 1450; x_wconf 86' lang='lat' dir='ltr'><strong>civili</strong></span> <span class='ocrx_word' id='word_1_69' title='bbox 620 1387 716 1448; x_wconf 87' lang='lat' dir='ltr'><strong>caede</strong></span> <span class='ocrx_word' id='word_1_70' title='bbox 739 1386 880 1449; x_wconf 78' lang='lat' dir='ltr'><strong>maderet</strong></span> <span class='ocrx_word' id='word_1_71' title='bbox 905 1387 1043 1448; x_wconf 79' lang='lat' dir='ltr'><strong>hermus:</strong></span> 
     </span>
     <span class='ocr_line' id='line_1_13' title="bbox 238 1485 1194 1572; baseline -0.004 -18"><span class='ocrx_word' id='word_1_72' title='bbox 238 1487 308 1554; x_wconf 85' lang='lat' dir='ltr'><strong>Cur</strong></span> <span class='ocrx_word' id='word_1_73' title='bbox 329 1505 431 1564; x_wconf 85' lang='lat' dir='ltr'><strong>nuuc,</strong></span> <span class='ocrx_word' id='word_1_74' title='bbox 456 1509 476 1552; x_wconf 96' lang='lat' dir='ltr'><strong>o</strong></span> <span class='ocrx_word' id='word_1_75' title='bbox 498 1489 623 1552; x_wconf 86' lang='lat' dir='ltr'><strong>mores!</strong></span> <span class='ocrx_word' id='word_1_76' title='bbox 647 1505 705 1550; x_wconf 91' lang='lat' dir='ltr'><strong>cur</strong></span> <span class='ocrx_word' id='word_1_77' title='bbox 723 1509 826 1565; x_wconf 75' lang='lat' dir='ltr'><strong>uiroc,</strong></span> <span class='ocrx_word' id='word_1_78' title='bbox 852 1509 873 1552; x_wconf 96' lang='lat' dir='ltr'><strong>o</strong></span> <span class='ocrx_word' id='word_1_79' title='bbox 897 1490 1062 1572; x_wconf 86' lang='lat' dir='ltr'><strong>tempora!</strong></span> <span class='ocrx_word' id='word_1_80' title='bbox 1086 1485 1194 1550; x_wconf 84' lang='lat' dir='ltr'><strong>diris?</strong></span> 
     </span>
     <span class='ocr_line' id='line_1_14' title="bbox 302 1587 1155 1674; baseline -0.001 -22"><span class='ocrx_word' id='word_1_81' title='bbox 302 1590 399 1670; x_wconf 78' lang='lat' dir='ltr'><strong>erod</strong></span> <span class='ocrx_word' id='word_1_82' title='bbox 421 1589 478 1653; x_wconf 88' lang='lat' dir='ltr'><strong>tibi</strong></span> <span class='ocrx_word' id='word_1_83' title='bbox 500 1591 563 1653; x_wconf 84' lang='lat' dir='ltr'><strong>nori</strong></span> <span class='ocrx_word' id='word_1_84' title='bbox 586 1589 732 1671; x_wconf 87' lang='lat' dir='ltr'><strong>placeat,</strong></span> <span class='ocrx_word' id='word_1_85' title='bbox 759 1587 958 1665; x_wconf 86' lang='lat' dir='ltr'><strong>Caeciliane,</strong></span> <span class='ocrx_word' id='word_1_86' title='bbox 982 1589 1058 1674; x_wconf 71' lang='lat' dir='ltr'><strong>quiid</strong></span> <span class='ocrx_word' id='word_1_87' title='bbox 1082 1587 1155 1652; x_wconf 84' lang='lat' dir='ltr'><strong>est?</strong></span> 
     </span>
     <span class='ocr_line' id='line_1_15' title="bbox 235 1685 1072 1766; baseline -0.004 -11"><span class='ocrx_word' id='word_1_88' title='bbox 235 1691 333 1755; x_wconf 72' lang='lat' dir='ltr'><strong>Nulla</strong></span> <span class='ocrx_word' id='word_1_89' title='bbox 359 1694 472 1754; x_wconf 80' lang='lat' dir='ltr'><strong>dercruu</strong></span> <span class='ocrx_word' id='word_1_90' title='bbox 495 1689 626 1766; x_wconf 77' lang='lat' dir='ltr'><strong>feritas,</strong></span> <span class='ocrx_word' id='word_1_91' title='bbox 652 1689 738 1753; x_wconf 86' lang='lat' dir='ltr'><strong>nulla</strong></span> <span class='ocrx_word' id='word_1_92' title='bbox 761 1699 810 1753; x_wconf 88' lang='lat' dir='ltr'><strong>est</strong></span> <span class='ocrx_word' id='word_1_93' title='bbox 831 1685 950 1754; x_wconf 84' lang='lat' dir='ltr'><strong>insania</strong></span> <span class='ocrx_word' id='word_1_94' title='bbox 969 1689 1072 1766; x_wconf 77' lang='lat' dir='ltr'><strong>serri3</strong></span> 
     </span>
     <span class='ocr_line' id='line_1_16' title="bbox 300 1792 891 1876; baseline 0.002 -19"><span class='ocrx_word' id='word_1_95' title='bbox 300 1795 386 1857; x_wconf 85' lang='lat' dir='ltr'><strong>Pace</strong></span> <span class='ocrx_word' id='word_1_96' title='bbox 406 1792 470 1855; x_wconf 87' lang='lat' dir='ltr'><strong>lrui</strong></span> <span class='ocrx_word' id='word_1_97' title='bbox 493 1805 580 1857; x_wconf 85' lang='lat' dir='ltr'><strong>certa</strong></span> <span class='ocrx_word' id='word_1_98' title='bbox 604 1792 783 1876; x_wconf 79' lang='lat' dir='ltr'><strong>laetitiaque</strong></span> <span class='ocrx_word' id='word_1_99' title='bbox 803 1793 891 1858; x_wconf 81' lang='lat' dir='ltr'><strong>licet.</strong></span> 
     </span>
     <span class='ocr_line' id='line_1_17' title="bbox 235 1879 1200 1982; baseline 0.003 -27"><span class='ocrx_word' id='word_1_100' title='bbox 235 1893 312 1956; x_wconf 82' lang='lat' dir='ltr'><strong>Non</strong></span> <span class='ocrx_word' id='word_1_101' title='bbox 336 1895 438 1956; x_wconf 88' lang='lat' dir='ltr'><strong>nostri</strong></span> <span class='ocrx_word' id='word_1_102' title='bbox 459 1879 597 1972; x_wconf 80' lang='lat' dir='ltr'><strong>faciunt,</strong></span> <span class='ocrx_word' id='word_1_103' title='bbox 622 1907 673 1960; x_wconf 84' lang='lat' dir='ltr'><strong>tua</strong></span> <span class='ocrx_word' id='word_1_104' title='bbox 694 1899 782 1982; x_wconf 91' lang='lat' dir='ltr'><strong>quod</strong></span> <span class='ocrx_word' id='word_1_105' title='bbox 804 1895 863 1958; x_wconf 88' lang='lat' dir='ltr'><strong>tibi</strong></span> <span class='ocrx_word' id='word_1_106' title='bbox 882 1905 1028 1980; x_wconf 84' lang='lat' dir='ltr'><strong>tempora</strong></span> <span class='ocrx_word' id='word_1_107' title='bbox 1049 1895 1200 1959; x_wconf 87' lang='lat' dir='ltr'><strong>sordent:</strong></span> 
     </span>
     <span class='ocr_line' id='line_1_18' title="bbox 300 1995 961 2074; baseline 0.006 -17"><span class='ocrx_word' id='word_1_108' title='bbox 300 1997 363 2058; x_wconf 84' lang='lat' dir='ltr'><strong>Sed</strong></span> <span class='ocrx_word' id='word_1_109' title='bbox 380 1995 500 2060; x_wconf 80' lang='lat' dir='ltr'><strong>faciunt</strong></span> <span class='ocrx_word' id='word_1_110' title='bbox 523 2017 647 2074; x_wconf 87' lang='lat' dir='ltr'><strong>mores,</strong></span> <span class='ocrx_word' id='word_1_111' title='bbox 674 1997 876 2073; x_wconf 89' lang='lat' dir='ltr'><strong>Caeciliane,</strong></span> <span class='ocrx_word' id='word_1_112' title='bbox 900 1995 961 2061; x_wconf 89' lang='lat' dir='ltr'><strong>tui.</strong></span> 
     </span>
     <span class='ocr_line' id='line_1_19' title="bbox 517 2095 1074 2178; baseline 0.002 -15"><span class='ocrx_word' id='word_1_113' title='bbox 517 2101 594 2163; x_wconf 89' lang='lat' dir='ltr'><strong>LX.</strong></span> <span class='ocrx_word' id='word_1_114' title='bbox 628 2095 807 2165; x_wconf 77' lang='lat' dir='ltr'><strong>Eiusdem.</strong></span> <span class='ocrx_word' id='word_1_115' title='bbox 842 2101 899 2178; x_wconf 74' lang='lat' dir='ltr'><strong>(L.</strong></span> <span class='ocrx_word' id='word_1_116' title='bbox 925 2099 978 2164; x_wconf 80' lang='lat' dir='ltr'><strong>lo.</strong></span> <span class='ocrx_word' id='word_1_117' title='bbox 1002 2097 1074 2178; x_wconf 75' lang='grc'><strong>35.)</strong></span> 
     </span>
     <span class='ocr_line' id='line_1_20' title="bbox 404 2197 1124 2286; baseline 0 -21"><span class='ocrx_word' id='word_1_118' title='bbox 404 2197 525 2265; x_wconf 85' lang='lat' dir='ltr'>Omnes</span> <span class='ocrx_word' id='word_1_119' title='bbox 548 2201 721 2282; x_wconf 89' lang='lat' dir='ltr'><strong>Sulpiciam</strong></span> <span class='ocrx_word' id='word_1_120' title='bbox 744 2201 853 2286; x_wconf 83' lang='lat' dir='ltr'><strong>legant</strong></span> <span class='ocrx_word' id='word_1_121' title='bbox 873 2199 1019 2283; x_wconf 85' lang='lat' dir='ltr'><strong>puellae,</strong></span> <span class='ocrx_word' id='word_1_122' title='bbox 1120 2205 1124 2214; x_wconf 90' lang='lat'>&#39;</span> 
     </span>
     <span class='ocr_line' id='line_1_21' title="bbox 359 2299 944 2386; baseline 0 -20"><span class='ocrx_word' id='word_1_123' title='bbox 359 2299 424 2366; x_wconf 83' lang='lat' dir='ltr'><strong>Uni</strong></span> <span class='ocrx_word' id='word_1_124' title='bbox 446 2322 528 2386; x_wconf 88' lang='lat' dir='ltr'><strong>quae</strong></span> <span class='ocrx_word' id='word_1_125' title='bbox 552 2303 686 2384; x_wconf 84' lang='lat' dir='ltr'><strong>cupiunt</strong></span> <span class='ocrx_word' id='word_1_126' title='bbox 708 2301 779 2367; x_wconf 82' lang='lat' dir='ltr'><strong>viro</strong></span> <span class='ocrx_word' id='word_1_127' title='bbox 802 2301 944 2386; x_wconf 84' lang='lat' dir='ltr'><strong>placere.</strong></span> 
     </span>
    </p>
   </div>
   <div class='ocr_carea' id='block_1_3' title="bbox 358 2402 1094 2892">
    <p class='ocr_par' dir='ltr' id='par_1_3' title="bbox 361 2402 955 2489">
     <span class='ocr_line' id='line_1_22' title="bbox 361 2402 955 2489; baseline -0.003 -19"><span class='ocrx_word' id='word_1_128' title='bbox 361 2406 481 2470; x_wconf 85' lang='lat' dir='ltr'><strong>Omnes</strong></span> <span class='ocrx_word' id='word_1_129' title='bbox 503 2402 677 2485; x_wconf 77' lang='lat' dir='ltr'><strong>Sulpiciam</strong></span> <span class='ocrx_word' id='word_1_130' title='bbox 700 2407 808 2489; x_wconf 83' lang='lat' dir='ltr'><strong>legant</strong></span> <span class='ocrx_word' id='word_1_131' title='bbox 832 2404 955 2481; x_wconf 87' lang='lat' dir='ltr'><strong>mariti,</strong></span> 
     </span>
    </p>

    <p class='ocr_par' dir='ltr' id='par_1_4' title="bbox 358 2501 1094 2892">
     <span class='ocr_line' id='line_1_23' title="bbox 359 2501 1094 2590; baseline 0.005 -20"><span class='ocrx_word' id='word_1_132' title='bbox 359 2501 425 2570; x_wconf 82' lang='lat' dir='ltr'><strong>Uni</strong></span> <span class='ocrx_word' id='word_1_133' title='bbox 446 2505 501 2590; x_wconf 90' lang='lat' dir='ltr'><strong>qui</strong></span> <span class='ocrx_word' id='word_1_134' title='bbox 522 2505 654 2586; x_wconf 84' lang='lat' dir='ltr'><strong>cupiunt</strong></span> <span class='ocrx_word' id='word_1_135' title='bbox 679 2507 806 2588; x_wconf 79' lang='lat' dir='ltr'><strong>placere</strong></span> <span class='ocrx_word' id='word_1_136' title='bbox 829 2516 963 2588; x_wconf 75' lang='lat' dir='ltr'><strong>creptae·</strong></span> <span class='ocrx_word' id='word_1_137' title='bbox 1091 2545 1094 2552; x_wconf 40' lang='grc' dir='ltr'><strong><em>ν</em></strong></span> 
     </span>
     <span class='ocr_line' id='line_1_24' title="bbox 358 2607 1061 2688; baseline 0 -16"><span class='ocrx_word' id='word_1_138' title='bbox 358 2609 436 2672; x_wconf 84' lang='lat' dir='ltr'><strong>Non</strong></span> <span class='ocrx_word' id='word_1_139' title='bbox 460 2609 539 2686; x_wconf 82' lang='lat' dir='ltr'><strong>haec</strong></span> <span class='ocrx_word' id='word_1_140' title='bbox 562 2608 739 2678; x_wconf 86' lang='lat' dir='ltr'><strong>Colchidos</strong></span> <span class='ocrx_word' id='word_1_141' title='bbox 761 2608 874 2678; x_wconf 83' lang='lat' dir='ltr'><strong>asserit</strong></span> <span class='ocrx_word' id='word_1_142' title='bbox 895 2607 1061 2688; x_wconf 77' lang='lat' dir='ltr'><strong>furorem,</strong></span> 
     </span>
     <span class='ocr_line' id='line_1_25' title="bbox 358 2708 988 2790; baseline 0.005 -17"><span class='ocrx_word' id='word_1_143' title='bbox 358 2708 432 2773; x_wconf 89' lang='lat' dir='ltr'><strong>Diri</strong></span> <span class='ocrx_word' id='word_1_144' title='bbox 454 2709 586 2790; x_wconf 75' lang='lat' dir='ltr'><strong>prandia</strong></span> <span class='ocrx_word' id='word_1_145' title='bbox 606 2731 664 2775; x_wconf 75' lang='lat' dir='ltr'><strong>nec</strong></span> <span class='ocrx_word' id='word_1_146' title='bbox 684 2711 786 2775; x_wconf 75' lang='lat' dir='ltr'><strong>refert</strong></span> <span class='ocrx_word' id='word_1_147' title='bbox 808 2712 988 2790; x_wconf 74' lang='lat' dir='ltr'><strong>Thyestaet</strong></span> 
     </span>
     <span class='ocr_line' id='line_1_26' title="bbox 359 2811 1024 2892; baseline 0.005 -19"><span class='ocrx_word' id='word_1_148' title='bbox 359 2811 517 2890; x_wconf 79' lang='lat' dir='ltr'><strong>Scyllam,</strong></span> <span class='ocrx_word' id='word_1_149' title='bbox 543 2812 680 2892; x_wconf 81' lang='lat' dir='ltr'><strong>Byblida</strong></span> <span class='ocrx_word' id='word_1_150' title='bbox 703 2811 882 2880; x_wconf 72' lang='lat' dir='ltr'><strong>cecidisse</strong></span> <span class='ocrx_word' id='word_1_151' title='bbox 904 2812 1024 2890; x_wconf 82' lang='lat' dir='ltr'><strong>credit,</strong></span> 
     </span>
    </p>
   </div>
   <div class='ocr_carea' id='block_1_4' title="bbox 352 2911 1203 4313">
    <p class='ocr_par' dir='ltr' id='par_1_5' title="bbox 358 2911 991 3099">
     <span class='ocr_line' id='line_1_27' title="bbox 361 2911 991 2996; baseline 0.003 -20"><span class='ocrx_word' id='word_1_152' title='bbox 361 2914 426 2976; x_wconf 88' lang='lat' dir='ltr'><strong>Sed</strong></span> <span class='ocrx_word' id='word_1_153' title='bbox 447 2923 553 2977; x_wconf 85' lang='lat' dir='ltr'><strong>castos</strong></span> <span class='ocrx_word' id='word_1_154' title='bbox 576 2915 671 2978; x_wconf 88' lang='lat' dir='ltr'><strong>docet</strong></span> <span class='ocrx_word' id='word_1_155' title='bbox 692 2925 724 2978; x_wconf 92' lang='lat' dir='ltr'><strong>et</strong></span> <span class='ocrx_word' id='word_1_156' title='bbox 745 2911 819 2996; x_wconf 87' lang='lat' dir='ltr'><strong>pios</strong></span> <span class='ocrx_word' id='word_1_157' title='bbox 842 2934 991 2994; x_wconf 82' lang='lat' dir='ltr'><strong>amores,</strong></span> 
     </span>
     <span class='ocr_line' id='line_1_28' title="bbox 358 3014 876 3099; baseline 0.008 -23"><span class='ocrx_word' id='word_1_158' title='bbox 358 3015 483 3090; x_wconf 83' lang='lat' dir='ltr'><strong>Lusus,</strong></span> <span class='ocrx_word' id='word_1_159' title='bbox 511 3014 639 3080; x_wconf 80' lang='lat' dir='ltr'><strong>delicias</strong></span> <span class='ocrx_word' id='word_1_160' title='bbox 660 3014 876 3099; x_wconf 79' lang='lat' dir='ltr'><strong>facetiasquet</strong></span> 
     </span>
    </p>

    <p class='ocr_par' dir='ltr' id='par_1_6' title="bbox 357 3114 1013 3387">
     <span class='ocr_line' id='line_1_29' title="bbox 360 3114 1013 3198; baseline 0.005 -19"><span class='ocrx_word' id='word_1_161' title='bbox 360 3114 460 3179; x_wconf 90' lang='lat' dir='ltr'><strong>Cuius</strong></span> <span class='ocrx_word' id='word_1_162' title='bbox 482 3117 620 3188; x_wconf 82' lang='lat' dir='ltr'><strong>carmina</strong></span> <span class='ocrx_word' id='word_1_163' title='bbox 644 3115 704 3198; x_wconf 78' lang='lat' dir='ltr'><strong>qui,</strong></span> <span class='ocrx_word' id='word_1_164' title='bbox 720 3119 802 3186; x_wconf 79' lang='lat' dir='ltr'>hene</span> <span class='ocrx_word' id='word_1_165' title='bbox 823 3116 1013 3198; x_wconf 83' lang='lat' dir='ltr'><strong>aestimarit,</strong></span> 
     </span>
     <span class='ocr_line' id='line_1_30' title="bbox 358 3213 994 3304; baseline -0.003 -24"><span class='ocrx_word' id='word_1_166' title='bbox 358 3213 488 3280; x_wconf 83' lang='lat' dir='ltr'><strong>Nullam</strong></span> <span class='ocrx_word' id='word_1_167' title='bbox 511 3217 628 3281; x_wconf 85' lang='lat' dir='ltr'><strong>dixerit</strong></span> <span class='ocrx_word' id='word_1_168' title='bbox 650 3237 720 3282; x_wconf 89' lang='lat' dir='ltr'><strong>esse</strong></span> <span class='ocrx_word' id='word_1_169' title='bbox 743 3218 951 3304; x_wconf 84' lang='lat' dir='ltr'><strong>nequiorem,</strong></span> <span class='ocrx_word' id='word_1_170' title='bbox 989 3273 994 3278; x_wconf 92' lang='lat'>.</span> 
     </span>
     <span class='ocr_line' id='line_1_31' title="bbox 357 3317 947 3387; baseline 0.01 -6"><span class='ocrx_word' id='word_1_171' title='bbox 357 3319 486 3382; x_wconf 84' lang='lat' dir='ltr'><strong>Nullam</strong></span> <span class='ocrx_word' id='word_1_172' title='bbox 510 3317 627 3383; x_wconf 84' lang='lat' dir='ltr'><strong>dixerit</strong></span> <span class='ocrx_word' id='word_1_173' title='bbox 649 3341 719 3384; x_wconf 86' lang='lat' dir='ltr'><strong>esse</strong></span> <span class='ocrx_word' id='word_1_174' title='bbox 741 3319 947 3387; x_wconf 80' lang='lat' dir='ltr'><strong>sanctiorem.</strong></span> 
     </span>
    </p>

    <p class='ocr_par' dir='ltr' id='par_1_7' title="bbox 360 3420 932 3504">
     <span class='ocr_line' id='line_1_32' title="bbox 360 3420 932 3504; baseline 0.003 -19"><span class='ocrx_word' id='word_1_175' title='bbox 360 3420 458 3485; x_wconf 80' lang='lat' dir='ltr'><strong>Tales</strong></span> <span class='ocrx_word' id='word_1_176' title='bbox 480 3421 619 3504; x_wconf 81' lang='lat' dir='ltr'><strong>Egeriae</strong></span> <span class='ocrx_word' id='word_1_177' title='bbox 641 3422 732 3488; x_wconf 88' lang='lat' dir='ltr'><strong>iocos</strong></span> <span class='ocrx_word' id='word_1_178' title='bbox 754 3420 854 3486; x_wconf 85' lang='lat' dir='ltr'><strong>luisse</strong></span> <span class='ocrx_word' id='word_1_179' title='bbox 928 3437 932 3444; x_wconf 83' lang='grc'><em>·</em></span> 
     </span>
    </p>

    <p class='ocr_par' dir='ltr' id='par_1_8' title="bbox 352 3519 1203 4313">
     <span class='ocr_line' id='line_1_33' title="bbox 360 3519 1039 3591; baseline 0.006 -4"><span class='ocrx_word' id='word_1_180' title='bbox 360 3519 442 3587; x_wconf 80' lang='lat' dir='ltr'><strong>Udo·</strong></span> <span class='ocrx_word' id='word_1_181' title='bbox 458 3523 645 3588; x_wconf 88' lang='lat' dir='ltr'><strong>crediderim</strong></span> <span class='ocrx_word' id='word_1_182' title='bbox 668 3527 794 3589; x_wconf 78' lang='lat' dir='ltr'><strong>Numae</strong></span> <span class='ocrx_word' id='word_1_183' title='bbox 815 3526 875 3589; x_wconf 90' lang='lat' dir='ltr'><strong>sub</strong></span> <span class='ocrx_word' id='word_1_184' title='bbox 899 3527 1011 3591; x_wconf 77' lang='lat' dir='ltr'><strong>alatro:</strong></span> <span class='ocrx_word' id='word_1_185' title='bbox 1036 3529 1039 3534; x_wconf 82' lang='grc'><strong>’</strong></span> 
     </span>
     <span class='ocr_line' id='line_1_34' title="bbox 360 3624 1003 3710; baseline 0.005 -22"><span class='ocrx_word' id='word_1_186' title='bbox 360 3625 434 3688; x_wconf 83' lang='lat' dir='ltr'><strong>Hae</strong></span> <span class='ocrx_word' id='word_1_187' title='bbox 453 3624 670 3709; x_wconf 86' lang='lat' dir='ltr'><strong>condiscipula</strong></span> <span class='ocrx_word' id='word_1_188' title='bbox 695 3628 746 3690; x_wconf 89' lang='lat' dir='ltr'><strong>vel</strong></span> <span class='ocrx_word' id='word_1_189' title='bbox 767 3627 827 3690; x_wconf 89' lang='lat' dir='ltr'><strong>hac</strong></span> <span class='ocrx_word' id='word_1_190' title='bbox 849 3627 1003 3710; x_wconf 84' lang='lat' dir='ltr'><strong>magistra</strong></span> 
     </span>
     <span class='ocr_line' id='line_1_35' title="bbox 361 3727 1081 3813; baseline 0.006 -23"><span class='ocrx_word' id='word_1_191' title='bbox 361 3728 460 3790; x_wconf 87' lang='lat' dir='ltr'><strong>Esses</strong></span> <span class='ocrx_word' id='word_1_192' title='bbox 483 3727 610 3791; x_wconf 78' lang='lat' dir='ltr'><strong>doctior</strong></span> <span class='ocrx_word' id='word_1_193' title='bbox 630 3740 660 3791; x_wconf 88' lang='lat' dir='ltr'><strong>et</strong></span> <span class='ocrx_word' id='word_1_194' title='bbox 680 3728 794 3810; x_wconf 87' lang='lat' dir='ltr'><strong>pudica</strong></span> <span class='ocrx_word' id='word_1_195' title='bbox 817 3730 970 3813; x_wconf 82' lang='lat' dir='ltr'><strong>Sapphoa</strong></span> <span class='ocrx_word' id='word_1_196' title='bbox 1079 3727 1081 3736; x_wconf 82' lang='lat'>&#39;</span> 
     </span>
     <span class='ocr_line' id='line_1_36' title="bbox 352 3827 993 3916; baseline 0.005 -24"><span class='ocrx_word' id='word_1_197' title='bbox 352 3829 425 3893; x_wconf 83' lang='lat' dir='ltr'><strong>&#39;Sed</strong></span> <span class='ocrx_word' id='word_1_198' title='bbox 444 3839 548 3891; x_wconf 86' lang='lat' dir='ltr'><strong>tecum</strong></span> <span class='ocrx_word' id='word_1_199' title='bbox 568 3828 691 3910; x_wconf 90' lang='lat' dir='ltr'><strong>pariter</strong></span> <span class='ocrx_word' id='word_1_200' title='bbox 713 3827 870 3916; x_wconf 80' lang='lat' dir='ltr'><strong>simulque</strong></span> <span class='ocrx_word' id='word_1_201' title='bbox 894 3829 993 3896; x_wconf 87' lang='lat' dir='ltr'><strong>visam</strong></span> 
     </span>
     <span class='ocr_line' id='line_1_37' title="bbox 359 3929 963 4011; baseline 0.007 -17"><span class='ocrx_word' id='word_1_202' title='bbox 359 3929 471 3994; x_wconf 89' lang='lat' dir='ltr'><strong>Durus</strong></span> <span class='ocrx_word' id='word_1_203' title='bbox 494 3930 663 4011; x_wconf 86' lang='lat' dir='ltr'><strong>Sulpiciam</strong></span> <span class='ocrx_word' id='word_1_204' title='bbox 686 3933 801 3995; x_wconf 83' lang='lat' dir='ltr'><strong>Phaon</strong></span> <span class='ocrx_word' id='word_1_205' title='bbox 820 3946 963 3998; x_wconf 77' lang='lat' dir='ltr'><strong>amaret:</strong></span> 
     </span>
     <span class='ocr_line' id='line_1_38' title="bbox 360 4031 1105 4114; baseline 0.008 -20"><span class='ocrx_word' id='word_1_206' title='bbox 360 4031 518 4106; x_wconf 80' lang='lat' dir='ltr'><strong>Fruatra3</strong></span> <span class='ocrx_word' id='word_1_207' title='bbox 541 4052 675 4114; x_wconf 74' lang='lat' dir='ltr'><strong>natuque</strong></span> <span class='ocrx_word' id='word_1_208' title='bbox 697 4053 734 4096; x_wconf 82' lang='lat' dir='ltr'><strong>ea</strong></span> <span class='ocrx_word' id='word_1_209' title='bbox 756 4054 816 4098; x_wconf 78' lang='lat' dir='ltr'><strong>nee</strong></span> <span class='ocrx_word' id='word_1_210' title='bbox 839 4034 1006 4100; x_wconf 69' lang='lat' dir='ltr'><strong>&#39;tonantis</strong></span> <span class='ocrx_word' id='word_1_211' title='bbox 1019 4055 1105 4102; x_wconf 79' lang='lat' dir='ltr'><strong>uxor</strong></span> 
     </span>
     <span class='ocr_line' id='line_1_39' title="bbox 358 4131 1203 4217; baseline 0.018 -25"><span class='ocrx_word' id='word_1_212' title='bbox 358 4131 431 4192; x_wconf 85' lang='lat' dir='ltr'><strong>Nec</strong></span> <span class='ocrx_word' id='word_1_213' title='bbox 452 4132 572 4204; x_wconf 86' lang='lat' dir='ltr'><strong>Bacchi</strong></span> <span class='ocrx_word' id='word_1_214' title='bbox 594 4153 653 4196; x_wconf 84' lang='lat' dir='ltr'><strong>nee</strong></span> <span class='ocrx_word' id='word_1_215' title='bbox 675 4134 836 4216; x_wconf 81' lang='lat' dir='ltr'><strong>Apollinis</strong></span> <span class='ocrx_word' id='word_1_216' title='bbox 856 4137 965 4217; x_wconf 81' lang='lat' dir='ltr'><strong>puella</strong></span> <span class='ocrx_word' id='word_1_217' title='bbox 1187 4178 1203 4188; x_wconf 38' lang='lat' dir='ltr'><strong>c</strong></span> 
     </span>
     <span class='ocr_line' id='line_1_40' title="bbox 358 4231 1058 4313; baseline 0.014 -19"><span class='ocrx_word' id='word_1_218' title='bbox 358 4231 485 4313; x_wconf 88' lang='lat' dir='ltr'><strong>Erepto</strong></span> <span class='ocrx_word' id='word_1_219' title='bbox 505 4231 566 4296; x_wconf 86' lang='lat' dir='ltr'><strong>eibi</strong></span> <span class='ocrx_word' id='word_1_220' title='bbox 587 4233 712 4298; x_wconf 86' lang='lat' dir='ltr'><strong>viveret</strong></span> <span class='ocrx_word' id='word_1_221' title='bbox 734 4234 872 4302; x_wconf 76' lang='lat' dir='ltr'><strong>Caleno·</strong></span> <span class='ocrx_word' id='word_1_222' title='bbox 982 4283 988 4294; x_wconf 76' lang='lat'><em>,</em></span> <span class='ocrx_word' id='word_1_223' title='bbox 1015 4283 1018 4291; x_wconf 69' lang='grc'><strong>«</strong></span> <span class='ocrx_word' id='word_1_224' title='bbox 1052 4283 1058 4294; x_wconf 86' lang='lat'><strong>·</strong></span> 
     </span>
    </p>
   </div>
   <div class='ocr_carea' id='block_1_5' title="bbox 0 0 1478 4816">
    <p class='ocr_par' dir='ltr' id='par_1_9' title="bbox 0 0 1478 4816">
     <span class='ocr_line' id='line_1_41' title="bbox 0 0 1478 4816; baseline 0 0"><span class='ocrx_word' id='word_1_225' title='bbox 0 0 1478 4816; x_wconf 95' lang='lat' dir='ltr'><strong> </strong></span> 
     </span>
    </p>
   </div>
  </div>
 </body>
</html>
