2948 4820
662 389 716 455 44.

125 493 222 559 Hunc
245 490 503 578 grandinantem,
528 491 555 556 si
577 491 681 576 sapis,
706 491 858 557 tumulum
881 477 982 581 suge,

125 597 261 671 Viator,
287 593 521 676 Hipponactis,
545 595 646 660 hostis
670 595 805 678 Bupali;

124 699 235 765 Atrox
255 695 367 759 iambis
390 697 501 760 stridet
522 697 591 778 ipse
614 697 706 760 etiam
730 697 821 761 ciuis.

125 801 213 864 Vide
234 801 422 862 crabrouem
447 821 485 861 ne
508 802 675 862 cubantem
699 799 853 863 suscitese

125 903 277 966 Nondum
299 899 436 984 quiescit
457 899 524 964 eius
548 903 630 982 apud
654 902 773 966 Orcum
796 901 910 980 hiron,

127 1005 189 1067 Sed
211 1011 300 1066 reeta
325 1003 428 1092 uibrat
450 1004 512 1067 tela
535 1003 648 1069 claudo
672 1002 824 1068 carmine.
856 1079 858 1086 y

662 1188 717 1252 42.

127 1307 192 1389 Qui
214 1307 351 1392 tragicas
373 1329 470 1372 voces
494 1308 686 1393 multumque
707 1308 863 1373 trahentia
887 1309 988 1374 lastels

190 1411 344 1474 Fortibus
365 1391 498 1494 institui-t
520 1410 679 1496 stringere
703 1414 800 1474 verba
824 1413 946 1491 rurodis,

125 1515 326 1592 Aeschylus,
351 1512 593 1594 Euphorionis,
618 1512 788 1578 Eleusiuos
811 1517 927 1597 procul
950 1516 1053 1593 arvis,

193 1615 407 1680 concelebrat
429 1615 594 1694 Siculam,
613 1637 675 1701 qua
697 1615 867 1699 sepelitur,
891 1619 1032 1704 hturuuu.
1067 1677 1069 1684 .
1162 1639 1165 1646 ’

661 1802 716 1867 ld.

125 1922 313 2003 Aeschylon
336 1923 388 1985 hic
404 1921 715 2010 *positumloquitur
736 1921 835 2004 lapis,
860 1922 993 1989 Atthide
1018 1934 1100 1988 terea

192 2026 272 2086 Tam
295 2026 428 2106 procul,
454 2025 613 2108 ingentem
638 2025 784 2088 carminis
808 2038 875 2088 arte
897 2027 1021 2102 viruru,

126 2127 212 2192 Alba
237 2127 336 2189 Gelae
360 2127 457 2190 Siculi
479 2149 583 2210 prope
605 2127 750 2191 flumina:
774 2127 844 2211 qtris
867 2127 1024 2204 suroc,so
1048 2149 1126 2214 gens
1207 2139 1209 2144 ’

191 2229 356 2306 Theseos,
381 2228 502 2293 invisos
525 2251 651 2312 semper
673 2233 791 2294 habere
814 2230 943 2296 honos?

663 2417 720 2481 44.

124 2525 301 2602 Decantate
324 2534 451 2610 choris,
476 2537 677 2618 Sophocles,
704 2547 865 2622 prognate
889 2536 1050 2619 Sophilo,

191 2640 292 2718 Quem
319 2649 413 2700 cocat
436 2641 590 2702 Actaeum
615 2641 712 2703 Musa
735 2641 889 2724 tragoeda
912 2641 1024 2718 iuhar,

128 2737 230 2806 Citius
253 2743 339 2822 apud
359 2762 488 2802 scaenas
507 2753 546 2802 et·
563 2742 684 2822 pulpita
707 2763 802 2822 saepe
825 2741 961 2823 capillos

192 2842 290 2905 'l'exit
315 2843 530 2905 Acharuensis
553 2843 708 2906 Bacchica
731 2844 821 2907 leons
844 2846 1003 2928 hederae„
1082 2875 1084 2880 v

127 2946 236 3010 Parva
258 2945 332 3007 licet
354 2955 385 3006 tc
408 2949 525 3013 condat
547 2948 677 3021 humus,
703 2957 751 3022 te,
775 2947 930 3029 temporis
954 2968 1048 3011 omne

194 3047 291 3127 Quod
315 3047 418 3123 veuit,
443 3048 473 3111 iu
496 3050 605 3112 charta
627 3070 691 3112 nou
716 3049 871 3114 moriente
894 3049 993 3113 videt.

658 3235 717 3300 45.

127 3355 241 3418 Inclita
265 3354 365 3419 divini
387 3353 506 3418 circtun
529 3356 608 3418 haee
631 3367 830 3439 monumenta
853 3356 1027 3438 Sophoclis

191 3458 317 3537 Serpitc
340 3459 526 3539 paullatim,
551 3459 671 3540 serpite
695 3479 756 3522 vos
777 3459 928 3522 hederae.

127 3560 260 3624 Floreat
282 3561 333 3621 hic
355 3559 421 3622 illic
442 3556 579 3624 vernaus
602 3581 676 3624 rosa
700 3581 839 3644 saxaque
863 3564 942 3624 dttra

264 3760 324 3805 ntea
344 3760 418 3806 Gelae
437 3761 511 3806 Siculi
532 3775 606 3818 prope
624 3762 733 3811 flumina.
768 3765 855 3808 Vestra
875 3765 930 3821 quid
942 3769 1021 3822 'urget

301 3831 380 3887 Usque
398 3831 475 3874 bonos
493 3831 573 3888 cives,
593 3831 758 3887 Cecropidae,
777 3831 887 3877 insidia?

194 3895 239 3959 45]
258 3898 387 3944 Cunichius
405 3911 459 3944 ste:
699 3947 702 3956 ,

265 3969 299 4014 lte
318 3969 478 4024 Sophocleum
497 3968 587 4024 placide
605 3973 716 4026 serpente
736 3971 854 4026 corymbo

298 4038 347 4082 Per
366 4039 482 4082 tumulum
501 4041 524 4082 et
542 4038 588 4081 euti
608 4040 703 4094 plectite
722 4045 806 4098 secta,
826 4040 949 4096 hederae3

265 4107 328 4151 Vitis
346 4111 370 4151 et
388 4107 497 4151 nvidnlos
516 4107 606 4152 circum
624 4110 664 4154 det
682 4110 744 4153 laeta
763 4122 887 4162 raeeruos,

300 4175 408 4233 {ludique
427 4182 451 4222 et
471 4189 483 4220 e
502 4177 568 4224 molli
586 4191 612 4222 se
630 4191 687 4222 rosa
704 4178 786 4223 tundat
805 4179 887 4224 burno.

266 4244 311 4290 Dia
330 4246 374 4289 vici
394 4246 439 4290 lroe
457 4246 545 4290 meruit
562 4246 693 4302 sapientia,
713 4247 888 4306 suavttoquuut

302 4313 415 4361 Carmine
434 4315 471 4361 cni
490 4315 579 4370 lllusas¹
590 4317 686 4362 miscuit
704 4321 728 4362 et
744 4317 867 4363 Charitas.
