2946 4816
254 199 317 264 282

442 356 555 422 XCII.
593 353 774 441 Nympho.
804 351 960 435 (Antbol.
983 351 1028 418 1..
1053 351 1085 418 1.
1107 352 1177 430 81.)
1237 387 1242 394 ·

253 473 359 540 Huius
380 475 528 558 Nympha
551 473 632 551 loci,
655 473 739 538 sacri
760 473 901 538 cuuodia
923 472 1044 550 lontis,

315 575 475 652 Dormio,
498 579 570 640 duam
593 575 726 639 blandae
747 575 852 640 sentio
875 595 1017 638 maurmur
1038 595 1152 660 aquae.

251 679 356 744 Parce
376 699 500 754 meum,
523 675 667 762 qruisquis
689 675 794 760 tangis
817 697 896 741 cara
920 697 1098 755 marmora,
1123 697 1270 742 somnum

314 779 490 861 Rumpere.
535 777 611 842 Sive
632 777 723 842 bibas
745 777 815 843 aive
838 779 966 855 lavere,
990 791 1073 842 tace.

334 919 465 1004 Xclll.
505 936 640 1002 Tulliae
662 939 931 1024 Symplreruaae.
975 935 1132 1016 (Collect.
1155 936 1286 1002 Pisaur.

672 1040 715 1102 Τ.
740 1040 772 1102 l.
797 1059 831 1120 p.
857 1040 946 1120 509.)

227 1137 336 1366 ioum
360 1179 423 1222 non
446 1158 582 1234 inimum
605 1157 671 1222 nati
692 1179 818 1222 aramus:
843 1161 925 1223 nunde
948 1158 1047 1243 quieti

313 1263 407 1324 Nunc
427 1282 555 1338 stratura,
580 1271 616 1323 ut
635 1259 766 1324 fuirnua.
812 1259 901 1326 Cura
922 1261 1034 1325 relicta
1058 1261 1140 1326 vale.

332 1421 459 1485 XCIV.
482 1421 595 1502 Super
616 1437 735 1480 muros
757 1419 898 1482 Aeuloe.
922 1419 1074 1498 (Autbol.
1100 1421 1143 1482 L.
1166 1420 1199 1482 3.
1228 1421 1295 1499 tu.)

247 1528 348 1594 Asula
372 1550 439 1592 sum
465 1527 561 1590 marris
585 1528 780 1594 circumdata
804 1529 936 1610 pulchra
958 1531 1100 1606 «lumbus,

310 1632 409 1696 Asula
434 1629 606 1711 praestanti
630 1630 793 1712 splendida
815 1631 897 1692 lacta
922 1651 1027 1695 uranu.

245 1733 385 1808 Desine,
410 1735 475 1795 ‹lux
498 1731 591 1808 belli,
616 1733 655 1796 de
677 1752 726 1793 me
748 1752 878 1812 sperare
903 1733 1117 1814 trimuphums

308 1835 439 1918 Frange
463 1854 544 1916 opus
565 1835 646 1898 boe:
670 1832 835 1898 hominum
858 1849 990 1916 pectora
1013 1857 1121 1898 mamus
1145 1850 1252 1900 erunt.

311 1995 410 2059 XCV
410 2035 420 2056 ·
464 1994 511 2056 D·
534 1993 590 2056 M.
615 1990 816 2056 Domestiei.
839 1991 920 2076 Qui.
946 1991 1059 2057 Vixit.
1083 1996 1175 2056 Arm.
1202 1999 1299 2059 XVI.

609 2093 758 2172 (Anthol.
783 2094 827 2157 L.
851 2093 884 2157 lt.
908 2094 997 2173 355.)

245 2205 321 2270 line
344 2202 417 2267 mihi
439 2215 549 2268 noster
570 2206 668 2268 herus
688 2203 829 2268 sacravit
851 2203 943 2268 inane
963 2206 1184 2288 sepulchrum,

306 2307 415 2370 Villae
440 2318 521 2371 tecta
546 2328 620 2369 suae
644 2317 780 2388 proptor
804 2317 838 2368 ut
861 2305 1076 2388 adspicerem

244 2411 351 2493 thnre
371 2408 436 2472 suis
463 2409 606 2472 manibus
627 2409 727 2472 flores
750 2409 824 2472 mihi
848 2407 984 2492 vinaque
1004 2431 1099 2490 saepe

286 2513 447 2574 Funderet
469 2521 501 2574 et
521 2509 703 2585 lacrimam,
728 2513 816 2594 qrnod
840 2509 915 2572 mihi
938 2509 1038 2592 pluris
1066 2509 1139 2574 crit.

242 2615 385 2678 Nostros
409 2635 479 2676 nam
501 2613 624 2675 cinerea
647 2612 807 2677 Pollentia
830 2634 925 2675 saeva
948 2610 1093 2694 subegit,
1339 2615 1356 2676 5

305 2717 366 2780 Est
388 2726 418 2778 et
438 2714 482 2778 ibi
506 2715 664 2789 tumulus,
689 2737 803 2778 nomen
826 2725 857 2778 ct
884 2735 938 2776 ara
965 2715 1054 2778 ruihi.

242 2819 312 2882 Nec
339 2830 441 2880 tamen
463 2827 515 2880 aut
538 2817 584 2880 illi
599 2817 616 2852 ‘⁸
636 2838 734 2900 super
755 2817 893 2880 crudelia
916 2818 1028 2895 busta,

307 2921 374 2983 Aut
397 2918 473 2981 istas
493 2921 585 2982 sedes
606 2931 717 2983 nostra
739 2916 824 2980 subit
847 2917 967 2994 animae

242 3023 306 3086 Sed
329 3030 415 3103 petat
440 3019 613 3101 Assyrios,
637 3031 724 3102 petat
746 3021 798 3083 ille
821 3019 927 3083 licebit
950 3021 1077 3096 iberos,

304 3125 371 3186 Per
393 3143 498 3201 marc,
521 3144 581 3206 per
601 3132 704 3186 terras
724 3123 933 3208 subsequitur
955 3123 1128 3188 dominum.
1320 3129 1357 3186 10
1438 3171 1439 3178 .

240 3282 367 3346 XCVI.
416 3284 463 3346 D.
488 3281 616 3364 Magni
636 3280 800 3357 Armenii,
830 3303 878 3346 ex
899 3241 1033 3346 Graeco
1056 3283 1243 3346 Leonidae.
1275 3283 1355 3363 (21.)

239 3393 299 3456 Me
321 3391 455 3475 lapidem
479 3395 637 3476 quondam
660 3393 779 3456 Persae
801 3375 1172 3476 advexerefi'lropacmu
1196 3449 1198 3454 .

305 3495 349 3558 Ut
370 3494 479 3556 fierem
503 3495 611 3558 bello:
635 3515 717 3556 niune
740 3515 803 3578 ego
824 3516 893 3558 sum
918 3497 1077 3560 Nemesis.

238 3595 285 3661 At
307 3595 388 3658 sicut
411 3596 544 3660 Graecis
570 3596 749 3660 victoribus
776 3598 866 3658 adsto
890 3607 1074 3678 tropaeum,

301 3697 408 3764 Puuio
430 3696 476 3762 sic
498 3700 616 3764 Persas
638 3697 827 3784 vaniloquos
845 3699 1009 3795 ¹llcmesis.

307 3917 388 3962 XCll.
414 3920 526 3972 Vereor,
553 3933 581 3964 ne
604 3920 732 3964 recentiori
751 3922 836 3974 poe'tue
854 3919 1079 3966 ltalotrlbueudum
1098 3921 1144 3973 sit,
1165 3922 1233 3964 sicuti
1253 3923 1352 3964 tortasse

238 3986 408 4034 Lxxxvtn.
433 3994 456 4032 et
483 3990 550 4043 plura
575 3989 598 4032 iu
627 3989 757 4032 llnrmanui
781 3989 941 4048 Antbologiu,
977 4003 1036 4046 quare
1064 3992 1173 4032 consutio
1205 3992 1352 4046 pruneturuusi

238 4056 345 4110 qunamvia
382 4058 485 4113 antiquis
518 4071 589 4111 saepe
624 4059 780 4116 eleg-tutiora.
827 4058 863 4102 Ad
899 4057 980 4102 ΚΕΗ.
1020 4058 1066 4101 cln.
1098 4059 1196 4104 Grulcri
1232 4056 1278 4113 93,
1313 4057 1351 4102 11.

237 4122 391 4171 tttntt’ffls,
421 4127 506 4170 Loct.
534 4125 617 4170 llllll'..
642 4127 737 4172 Lava.
776 4127 873 4172 Tace.
901 4147 930 4160 ·-
951 4127 1042 4172 thlV.
1062 4127 1152 4179 Asula,
1182 4131 1304 4172 nusiellum
1325 4128 1353 4169 ad

237 4191 324 4235 llnrucu
349 4193 465 4236 (tranum.
530 4195 609 4239 XCV.
639 4193 664 4243 1.
688 4197 743 4241 11111
770 4196 856 4242 culter
883 4197 989 4242 bouada.
1008 4197 1063 4241 utic
1081 4210 1180 4254 seraper·
1199 4199 1282 4242 lturm.
1301 4197 1353 4241 illie

237 4273 309 4304 cervo
326 4273 364 4304 cr.
384 4262 531 4314 anonymus.
