2964 4814
207 347 326 413 Troica
351 350 404 434 qui
426 350 573 434 profugis
596 371 686 414 sacra
710 352 798 416 vehis
821 353 960 432 ratibus,

142 451 208 511 lam
232 450 287 512 tibi
310 454 489 526 Laurentes
513 452 659 537 assignat,
674 453 823 536 luppiter
845 477 960 540 agros;

205 552 272 614 Iam
297 565 392 616 vocat
414 565 555 616 errantes
578 553 703 636 hospita
727 567 812 618 terra
835 559 951 621 Lares.

138 652 215 714 lllic
237 664 363 715 sanctus
387 655 466 730 eris,
493 677 589 738 quom
613 668 643 718 te
669 660 846 721 veneranda
869 659 995 723 Numici

206 756 297 817 Unda
321 757 412 817 deum
437 758 525 819 caelo
550 756 669 818 miserit
692 758 882 842 Indigetem.

139 857 229 918 Ecce
251 877 347 938 snper
368 857 468 919 fessas
491 855 605 920 volitat
626 857 775 922 Victoria
799 867 939 942 puppes!

205 954 346 1019 Tandem
370 961 409 1020 ad
432 957 594 1021 Troianos
618 954 689 1021 diva
713 964 850 1041 superba
876 962 974 1026 venit.

139 1059 230 1120 Ecce
254 1056 327 1120 mibi
348 1061 455 1122 lucent
477 1061 604 1123 Rutulis
627 1059 771 1124 incendia
795 1063 925 1126 castris!

204 1159 270 1221 Iam
294 1159 350 1220 tibi
373 1161 544 1241 praedico,
570 1163 705 1224 barbare
728 1165 860 1238 Turne,
885 1185 1004 1226 necem.

138 1262 226 1323 Ante
250 1262 360 1324 oculos
384 1262 529 1325 Laurens
552 1273 691 1324 castrum
714 1284 885 1346 murusque
908 1265 1026 1327 Lavini
1052 1279 1098 1330 cst

204 1362 354 1444 Albaque
377 1366 417 1424 ab
439 1351 582 1427 Ascanio
605 1363 732 1427 condita
754 1367 872 1448 Longa
886 1368 988 1437 duce.

139 1467 190 1527 'l'e
215 1484 344 1547 quoque
366 1464 426 1526 iam
450 1465 563 1540 video,
588 1465 689 1527 Marti
711 1466 865 1547 placitura
887 1470 1058 1545 sacerdos,

203 1565 282 1640 llia,
309 1566 458 1628 Vestales
480 1565 657 1646 deseruisse
680 1567 794 1651 locos,

140 1665 405 1748 Concubitusque
428 1679 501 1729 tuos
523 1668 632 1729 furtim
657 1666 814 1753 vittasque
836 1668 972 1734 iacentes

204 1769 248 1828 Et
270 1766 377 1847 cupidi
400 1770 439 1829 ad
461 1767 546 1848 ripas
569 1789 655 1830 arma
678 1769 786 1832 relicta
810 1771 873 1833 dei.

139 1867 274 1948 Carpite
297 1891 397 1943 nunc,
422 1871 527 1946 tauri,
553 1872 591 1931 de
613 1883 732 1951 septem
756 1871 916 1935 montibus
938 1873 1073 1950 herbas,

202 1971 287 2031 Dum
310 1970 401 2045 licet;
426 1971 478 2032 hic
502 1991 635 2054 magnae
657 1971 717 2034 iam
740 1973 829 2048 locus
854 1973 940 2036 urbis
963 1974 1034 2037 orit.

139 2073 265 2144 Roma,
291 2082 377 2133 tuum
401 2092 516 2134 nomen
538 2073 635 2135 terris
657 2071 754 2135 fatale
776 2075 946 2156 regendis,

203 2173 274 2249 era
297 2193 353 2233 sua
375 2174 414 2234 de
437 2174 526 2236 caelo
548 2173 703 2255 prospicit
726 2194 803 2235 arva
826 2172 946 2249 Ceres,

138 2273 273 2354 Quaque
296 2285 403 2352 putent
426 2284 516 2335 ortus
539 2285 570 2335 et
593 2296 653 2356 qua
675 2273 873 2337 fluitantibus
895 2275 985 2337 undis

202 2373 285 2436 Solis
310 2376 490 2437 anhelantes
513 2373 612 2436 abluit
634 2374 731 2437 artinis
756 2397 867 2457 equos.
926 2395 928 2399 ’

137 2475 237 2538 Troia
261 2473 387 2557 quidem
411 2486 485 2536 tune
506 2497 539 2537 se
563 2474 728 2537 mirabitur
750 2488 781 2537 et
803 2475 863 2537 sibi
885 2475 968 2540 dicet

203 2577 276 2639 Vos
300 2577 378 2639 hene
401 2587 464 2637 tam
486 2576 584 2659 longa
608 2576 805 2639 consuluisse
828 2578 892 2640 via.

137 2680 228 2741 Vera
251 2698 350 2752 cano,
375 2679 422 2739 sic
443 2697 544 2760 usque
567 2698 672 2750 sacras
686 2676 825 2739 «innoxia
848 2679 956 2741 laurus

200 2780 325 2841 Vescar
349 2789 378 2840 et
401 2789 560 2839 aeternum
584 2777 624 2840 sit
646 2777 721 2839 mihi
744 2777 962 2860 virginitas!”

138 2881 232 2942 Haec
254 2878 368 2940 cecinit
392 2887 479 2940 vates
503 2888 534 2939 et
555 2889 587 2940 te
609 2877 686 2956 sibi,
711 2881 868 2955 Phoebe,
895 2881 1038 2957 vocavit,

1113 2886 1252 2968 ,aa

136 3060 216 3105 libror
235 3058 350 3104 attulisse
369 3057 404 3102 ad
422 3057 588 3117 Tarquinium
608 3059 724 3104 Priscam
742 3079 776 3094 -·
794 3080 828 3095 -
845 3065 957 3104 octauam
978 3057 1206 3119 Hellesponticum,
1227 3067 1254 3109 in

135 3142 202 3189 agro
221 3127 333 3172 Troiano
359 3133 445 3171 notam
468 3127 521 3172 cieo
538 3126 696 3183 Mamerco,
727 3129 798 3172 eirca
823 3127 940 3184 oppidum
962 3126 1116 3188 Gergiliam.
1139 3154 1166 3167 -
1187 3131 1254 3176 deci.

133 3211 203 3242 mam
233 3195 376 3249 Tiburtem,
408 3197 507 3240 nomine
533 3195 687 3250 Albuneam,
729 3210 792 3255 quae
817 3196 908 3240 Tiburi
933 3198 1031 3241 colatur
1061 3204 1087 3243 ut
1104 3198 1152 3243 dra
1179 3202 1254 3246 irextu

133 3268 208 3324 ripas
225 3265 310 3308 amnia
326 3263 449 3318 Anienis,
475 3264 549 3308 cuiue
567 3264 594 3309 in
611 3265 715 3324 gurgite
729 3265 895 3308 simulacrum
916 3265 971 3308 eine
992 3266 1116 3310 inuentum
1137 3281 1193 3312 erre
1215 3267 1253 3312 cli-

133 3337 201 3380 eitar
219 3341 306 3378 tenens
324 3334 351 3377 in
369 3346 445 3376 mana
466 3331 577 3391 librum,
606 3333 679 3377 cuiue
697 3338 779 3376 sortes
796 3329 904 3376 Senatus
927 3335 955 3376 in
973 3330 1122 3391 Capitolium
1142 3341 1253 3380 trancta-

133 3405 210 3448 lerit:
240 3402 293 3446 Clr.
316 3402 387 3446 etiam
405 3402 557 3445 Marcianum
575 3401 698 3456 Capellam
720 3401 775 3446 Lib.
796 3399 820 3448 2.
847 3414 870 3455 p.
891 3397 932 3444 64.
970 3403 1125 3458 Walthard.;
1146 3405 1186 3446 ubi
1206 3407 1253 3448 alie

134 3473 270 3517 truduntur.
290 3471 359 3514 seih:
380 3467 479 3528 sibylla
497 3471 534 3513 cel
551 3467 712 3528 Erythraea,
732 3482 840 3527 quaeque
860 3469 1042 3522 Cumaeam,
1063 3471 1101 3512 rel
1117 3467 1252 3529 Phrygia?

133 3553 200 3601 quae
218 3552 268 3584 non
286 3537 388 3591 decem,
416 3544 441 3584 ul
458 3543 594 3590 arserunt,
620 3537 666 3582 red
683 3536 747 3580 dirae
758 3534 847 3595 sulm
865 3549 915 3580 non
933 3537 1032 3589 nereis,
1052 3536 1079 3580 id
1097 3542 1152 3590 eet,
1174 3537 1254 3584 Hero-

130 3607 221 3666 philen
252 3603 405 3658 Troianam,
437 3604 580 3650 lllarmeusi
608 3602 664 3662 (sir)
687 3603 788 3671 filiam,
820 3609 844 3649 et
873 3603 1061 3662 Synaruaelriam
1080 3602 1254 3662 prpotenels¹

128 3677 227 3740 filiam,
241 3675 303 3732 puae
315 3672 459 3732 Erythraea
470 3674 622 3733 progenita,
642 3674 718 3717 etiam
729 3670 813 3717 Gumis
823 3676 862 3715 eet
872 3673 1019 3718 vaticinata.
1033 3673 1063 3716 ll.
1080 3673 1097 3715 l.
1113 3674 1256 3734 Herophilo,
1341 3699 1348 3707 -

134 3741 254 3802 Apollinis
275 3743 390 3787 Sminthei
413 3745 541 3794 sacerdos,
560 3742 590 3785 ab
608 3742 732 3786 Amalthea
753 3741 915 3799 distinguitur.
954 3741 1009 3784 ¹Pro
1027 3738 1181 3791 Mermeseiu
1200 3745 1252 3786 Sal-

135 3814 206 3859 masii
235 3813 298 3855 coni.
332 3810 387 3854 libri
415 3811 503 3858 hahent
526 3807 666 3867 Marpesia.
693 3811 738 3854 cfr.
755 3811 836 3852 .Paus-
859 3806 909 3869 10,
933 3805 974 3853 12.
996 3809 1034 3854 ubi
1054 3810 1109 3869 ipsu,
1127 3811 1251 3874 loquitur:

134 3879 241 3948 πατρὶς
257 3876 289 3927 δέ
305 3876 360 3942 μοὶ
377 3875 457 3930 ἐστιν
475 3874 584 3946 ἐρυθρή
598 3874 783 3948 Μάρπησσος
802 3900 834 3910 -
853 3878 912 3922 unde
929 3877 1031 3928 tortasse
1049 3878 1192 3921 coniunctim
1203 3881 1251 3938 leg.

132 3947 255 4010 quidquid
271 3946 418 4005 lllarpessiu
435 3946 505 3994 dixit
520 3945 664 4004 Herophile.
714 3946 754 4000 (Et
778 3948 825 3999 itu,
858 3951 882 3988 ut
904 3945 1012 3989 volebam
1040 3947 1063 3988 iu
1089 3946 1135 3990 Ed.
1155 3946 1256 4001 prima,

135 4018 233 4071 scripsit
247 4007 443 4073 Lachm.;'unde
462 4030 523 4059 nuuc
544 4016 645 4070 recepi.)
681 4017 705 4060 Si
725 4028 782 4063 vero
801 4028 854 4064 com
873 4015 962 4058 Vossio
982 4027 1026 4068 pro
1044 4011 1140 4058 Phoebo
1159 4017 1251 4059 scribas

132 4087 229 4139 Demo,
250 4089 290 4128 aut
308 4087 369 4144 quod
386 4084 534 4139 probabilius
553 4089 617 4127 certe
640 4089 778 4145 erat,)cruu
798 4083 919 4126 lluschliio
938 4079 1019 4140 Phyto
1036 4083 1137 4138 (Sibylla
1151 4084 1249 4136 Sinniu),

134 4162 185 4200 tum
203 4153 298 4210 quidem
317 4157 440 4211 grataque
460 4167 506 4196 uon
522 4152 631 4206 hebebit,
652 4166 698 4208 quo
711 4151 846 4207 referatur3
866 4161 920 4194 num
939 4155 963 4194 et
978 4155 1037 4209 apud
1057 4151 1128 4197 Orid.
1149 4153 1248 4197 Melum.

135 4221 182 4278 il,
206 4217 264 4266 123.
302 4221 394 4275 Sibylla
413 4219 452 4267 dle
468 4221 620 4279 gratissima,
642 4235 687 4265 non
707 4220 846 4275 simpliciter
865 4223 942 4278 gratu
962 4220 1056 4266 dicitur.
