2964 4814
241 179 303 242 lli

240 333 274 396 Si
296 345 328 396 tc
350 332 437 395 forte
459 331 570 394 iurant
592 331 704 394 Helles
725 329 975 402 Athamantidos
997 335 1093 398 urbes

301 437 373 498 Nec
394 431 572 508 desiderio,
598 433 712 508 Tulle,
737 453 867 508 movere
891 455 988 510 meo,

240 537 291 598 Tu
314 535 388 597 licet
410 531 567 615 adspicias
590 534 712 597 caelum
735 553 828 598 oinne
850 533 980 598 Atlanta
1003 547 1166 618 gerentem

302 636 458 720 Sectaque
482 635 603 698 Persea
626 633 808 697 Phorcidos
832 655 899 696 ora·
913 655 1024 710 inanit,

239 739 414 816 Geryonae
439 734 562 798 stabula
585 745 616 796 et
637 735 809 798 luctantum
831 733 863 796 in
887 735 1020 815 pulvere
1044 737 1135 822 signa

299 834 451 899 Herculis
473 833 656 917 Antaeique
678 833 955 916 Hesperidumque
978 838 1118 914 choros,

238 939 355 1019 Tuque
377 947 434 1000 tuo
457 933 615 1000 Colchum
639 935 801 1015 propellas
823 935 944 1020 remige
967 936 1088 1000 Phasin

299 1035 508 1119 Peliacaeque
530 1033 630 1098 trabis
651 1046 754 1099 totum
775 1035 835 1098 iter
856 1035 926 1118 ipse
949 1037 1057 1121 legas,

238 1137 311 1217 Qua
332 1137 419 1200 rudis
441 1139 557 1218 Argoa
579 1147 665 1198 natat
687 1134 768 1198 inter
790 1157 869 1200 saxa
891 1139 1040 1202 columba

300 1239 337 1300 In
360 1236 473 1299 faciem
496 1256 614 1317 prorae
636 1235 731 1317 pinus
754 1238 862 1300 adacta
884 1259 1009 1302 noraea

235 1337 349 1415 Etsi,
374 1358 436 1421 qua
460 1337 616 1420 Ortygiae
640 1335 768 1400 visenda
791 1349 840 1400 cst
862 1359 921 1402 ora
944 1339 1076 1420 Caystri

300 1441 343 1502 Et
366 1459 426 1522 quta
449 1449 595 1520 septenas
617 1449 773 1519 temperat
796 1441 877 1500 unda
903 1439 990 1516 vias,

236 1539 350 1606 Omnia
375 1541 541 1602 Romanae
564 1541 678 1600 cedent
704 1538 853 1602 miracula
876 1550 1002 1604 terrae:

299 1643 421 1702 Natura
442 1637 496 1702 hic
522 1639 647 1720 posuit,
672 1638 826 1722 quidquid
852 1639 972 1724 ubique
994 1641 1069 1706 tuit.

207 1810 214 1820 ,
236 1740 347 1804 Armis
370 1751 442 1821 apta
466 1738 565 1822 magis
588 1740 797 1820 tellusquam
822 1745 992 1806 commoda
1013 1763 1141 1820 noxae,

298 1843 450 1915 Famam,
476 1841 599 1913 Roma,
625 1851 697 1902 tuae
720 1861 784 1904 non
807 1843 905 1922 pudet
927 1843 1100 1908 historiae:

234 1943 315 2005 Nam
339 1952 489 2025 quantuni
512 1940 623 2014 ferro,
647 1951 767 2002 tantum
791 1942 908 2022 pietate
929 1956 1076 2024 potentes

300 2045 445 2116 Stamus;
470 2040 619 2104 victrices
642 2052 799 2122 temperat
820 2041 867 2104 ira
891 2065 1013 2108 suanus.

233 2144 297 2208 Hic
319 2142 406 2206 Anio
431 2141 577 2206 Tiburne
599 2141 693 2216 fluis,
719 2139 897 2206 Clitumnus
920 2147 960 2206 ab
982 2148 1108 2211 Umbro

297 2243 440 2306 Tramite
462 2254 494 2306 et
516 2254 677 2306 aeteruum
701 2243 845 2306 Marcius
867 2245 982 2310 humor
1005 2268 1112 2329 opus,

233 2347 377 2414 Albanus
400 2344 488 2406 lacus
512 2356 544 2406 et
567 2341 653 2406 socia
678 2345 889 2406 Nemorensis
911 2349 951 2410 ab
975 2351 1056 2414 sanda

296 2449 445 2527 Potaquc
469 2443 613 2510 Pollucis
639 2445 769 2526 lympha
792 2446 929 2510 salubris
955 2468 1054 2530 equo.

303 2625 327 2673 7.
353 2626 439 2682 „Licet
469 2626 617 2680 Hellesponti
643 2627 732 2679 urbes,
761 2628 873 2679 Atlanta,
893 2629 1052 2673 Matrritaniee
1069 2630 1209 2688 Tingitanae
1228 2637 1354 2686 montem,

157 2715 159 2724 ·
232 2697 357 2756 Gorgades
370 2696 460 2739 insulas
473 2693 582 2750 (doraum
602 2701 627 2738 ut
645 2696 732 2748 aient,
752 2694 888 2752 aliquando
907 2694 1073 2755 Gorgonum
1091 2699 1173 2752 Mela,
1196 2695 1220 2751 3,
1243 2697 1290 2754 9.),
1313 2701 1355 2744 nbi

231 2767 336 2810 Perseus
356 2765 484 2816 Medusae,
517 2763 605 2806 Phorci
624 2761 705 2816 filiae,
731 2769 801 2824 caput
818 2767 961 2818 amputavit,
981 2765 1122 2820 Euthiam,
1148 2766 1276 2819 Geryonae
1295 2769 1356 2812 olim

231 2835 416 2884 habitationem,
446 2836 469 2876 et
490 2830 575 2875 domei
594 2833 686 2890 regiam
703 2833 809 2875 lrassam
827 2833 855 2875 ad
875 2834 984 2887 paludem
1005 2834 1174 2887 Tritonidem,
1193 2836 1356 2890 Hesperidum

231 2903 315 2946 hortos
342 2902 366 2944 in
385 2899 516 2953 Cyrenaica
538 2900 596 2943 olim
619 2901 698 2953 sitos,
717 2901 853 2952 Phasidos,
874 2901 984 2954 Caystri,
1012 2902 1107 2958 Nilique
1126 2917 1183 2946 oras
1202 2905 1354 2958 perlustres,

232 2976 310 3014 tamen
330 2967 389 3012 nihil
408 2968 613 3030 iuvenieepquod
638 2969 720 3012 ltaliae
744 2970 879 3024 comparari
898 2970 1000 3024 possit.”
1018 2971 1102 3014 Burin.
1120 2977 1143 3014 et
1158 2963 1231 3015 K'uio.
1252 2997 1285 3005 —
1304 2974 1355 3016 Alii

231 3053 254 3083 v.
283 3035 324 3082 16.
351 3037 487 3093 intelligunt
511 3036 616 3080 Rhesum
648 3051 669 3080 s.
694 3036 801 3080 Rhebasn
822 3038 860 3081 ΕΙ.
885 3037 907 3080 in
927 3038 1037 3081 lancibus
1059 3039 1161 3094 Bospori
1182 3040 1248 3083 Plin.
1274 3038 1304 3096 6,
1328 3039 1352 3084 1.

232 3120 302 3164 quem
321 3099 488 3172 ἑπτάποροι)
507 3105 566 3148 dixit
585 3103 683 3148 Nonnns
698 3105 802 3166 dionys.
826 3103 855 3159 3,
878 3101 935 3151 193.
994 3102 1035 3151 13.
1061 3108 1215 3162 „Supplent:
1236 3122 1293 3150 curn
1306 3107 1354 3152 Ar-

231 3188 282 3235 goa
300 3171 429 3225 columba,
449 3173 512 3228 quod
530 3170 583 3216 fieri
600 3175 689 3230 nequit.
704 3174 783 3217 Vatic.
805 3169 829 3218 5.
849 3172 992 3232 Argnducs.
1013 3175 1097 3220 Unus:
1117 3174 1209 3219 Areon.
1229 3176 1294 3234 Lege
1308 3177 1354 3234 igi·

231 3249 289 3287 tur:
320 3235 374 3301 Qud
394 3239 455 3284 duce
474 3237 585 3284 Chaonia
603 3254 654 3290 -:
674 3255 759 3285 versus
784 3243 945 3296 corruptelam
964 3243 1082 3286 contraxit
1101 3256 1113 3287 e
1133 3244 1185 3287 loco
1205 3245 1295 3297 simili,
1318 3242 1352 3298 2,

232 3310 280 3365 26,
302 3307 343 3355 39.
365 3322 438 3368 quens
456 3307 529 3353 rudia
546 3307 634 3367 Argue
651 3309 715 3353 Due
735 3315 791 3352 erut
809 3309 895 3369 ignote
916 3311 997 3354 misso
1009 3310 1123 3361 columbe
1136 3312 1228 3355 mari.”
1244 3313 1352 3356 fluscht.

231 3381 260 3424 ad
276 3378 332 3424 Tib.
352 3374 381 3431 lt,
409 3375 439 3430 l,
467 3373 507 3422 70.
551 3378 624 3422 Recte
653 3379 748 3435 quidem
772 3378 800 3422 ad
822 3379 979 3432 sententiam,
1011 3379 1053 3423 sed
1075 3392 1159 3432 parum
1182 3380 1352 3434 probabiliter.

231 3450 291 3494 lllud
312 3447 391 3491 vatic.
414 3442 438 3490 6.
458 3444 607 3504 Argoduce,
636 3447 669 3490 nil
688 3445 751 3490 alind
773 3451 827 3500 est,
859 3447 904 3490 nisi
930 3447 1050 3504 glossema
1074 3446 1203 3491 ablativum
1228 3449 1295 3492 illum
1312 3462 1354 3494 ex-

229 3519 336 3574 plicans:
370 3513 458 3573 Argou
482 3515 540 3558 duce
560 3515 683 3558 relucendo.
740 3512 780 3558 15.
804 3514 880 3558 Codd.
901 3515 925 3557 ei
943 3529 991 3572 que
1010 3515 1082 3573 origo
1100 3517 1138 3558 vel
1156 3516 1255 3575 erigus.
1276 3539 1310 3550 --
1329 3517 1355 3560 ei

230 3599 307 3645 quase
333 3583 458 3641 olorigeri
486 3583 540 3626 itali
569 3587 682 3626 correctt.
712 3604 740 3614 -
770 3579 802 3624 Et
820 3597 868 3641 qnia
888 3579 992 3642 Gygasi
1009 3584 1059 3626 alii.
1078 3581 1122 3636 (Et
1140 3585 1165 3628 ei
1182 3598 1230 3642 qun
1249 3582 1355 3642 Gygaeo*

230 3657 304 3700 Kuin.
318 3653 381 3696 miro
394 3647 503 3704 errore.)
511 3672 543 3682 -
553 3651 599 3693 ntit
610 3647 642 3693 Et
654 3651 678 3694 ei
687 3664 735 3707 qun
748 3648 868 3709 ortygii,
880 3652 940 3694 nnds
950 3651 1048 3694 Lachm.
1062 3663 1068 3695 :
1080 3671 1118 3684 -
1127 3649 1159 3694 Er
1168 3652 1201 3707 ei,
1215 3667 1264 3710 que
1275 3647 1354 3710 Orty-

230 3725 306 3783 giae,
326 3733 392 3778 ,qua
411 3718 507 3772 Caystri
526 3731 569 3760 ora
588 3722 625 3761 est
648 3723 696 3760 mm
715 3719 791 3763 vicina
810 3719 852 3762 illa
870 3711 986 3777 Ortygiae
1004 3720 1083 3774 (vetus
1101 3719 1190 3775 Ephesi
1210 3733 1297 3764 nomen
1316 3725 1355 3764 est

230 3793 295 3836 Plin.
314 3789 337 3833 5.
360 3785 425 3844 29.)‚
447 3791 472 3829 nt
489 3786 544 3830 hnic
562 3787 661 3829 visenda
674 3787 756 3844 sit.”v
786 3783 828 3830 22.
848 3787 894 3830 illu
905 3786 981 3831 Codd.
996 3787 1054 3843 aliq.
1074 3788 1158 3832 Burin.
1214 3786 1257 3832 25.
1277 3787 1354 3832 A1ta-

231 3871 326 3917 uueqne
344 3858 417 3900 locus
444 3854 509 3898 socii
536 3853 596 3897 Cod.
619 3854 642 3898 1.
663 3874 693 3886 -
711 3853 871 3912 Albanasque
895 3856 967 3900 tasas
988 3856 1059 3898 acciu
1081 3853 1158 3899 cosa.
1179 3853 1204 3898 i.
1226 3875 1260 3888 -·
1277 3855 1354 3900 Atou-

230 3940 279 3970 nue
305 3925 379 3968 lucus
405 3929 429 3966 et
452 3922 516 3966 socii
540 3923 624 3966 ceteri.
654 3921 715 3966 Cum
737 3923 835 3966 bachin.
869 3924 944 3968 secuti
967 3936 1049 3967 snmus
1077 3921 1122 3967 Ed.
1149 3925 1212 3968 Ven.
1234 3919 1310 3968 1500.
1330 3927 1354 3966 et

231 3993 375 4044 Pnacium,
397 4004 468 4047 quum
489 3994 613 4047 utrumque
633 3991 710 4034 lacum
729 3991 816 4034 iisdem
829 4003 857 4034 ex
876 3990 982 4036 fontibus
1002 3991 1062 4034 oriri
1081 3996 1183 4036 constet.
1223 3981 1353 4050 rostru-

228 4059 280 4119 pbn
298 4060 374 4114 Codd.
395 4059 511 4114 plerique.
533 4081 564 4092 —
592 4055 711 4116 Nympho
733 4060 814 4116 vulgo.
833 4058 878 4103 cfr.
897 4062 925 4104 ad
948 4058 1022 4103 Lucr.
1047 4055 1090 4112 6,'
1108 4056 1183 4102 117³.
1207 4064 1231 4104 et
1252 4059 1351 4104 Lachm.

230 4144 255 4185 p.
276 4123 335 4172 215.
365 4126 402 4170 ubi
431 4127 497 4170 locos
525 4127 639 4183 quosdam
664 4125 748 4179 affert,
781 4127 804 4170 in
824 4127 909 4182 quibus
929 4141 952 4171 v.
977 4124 1084 4185 lympha
1102 4141 1148 4170 non
1166 4124 1286 4185 Nymphis
1306 4127 1351 4184 legi

232 4196 316 4249 debet,
346 4194 451 4250 quamtis
474 4192 667 4238 dissentientibus
687 4207 757 4248 saepe
782 4199 806 4238 et
830 4195 891 4240 Mes.
922 4201 946 4239 et
970 4194 1070 4240 criticis.
1098 4196 1183 4242 liniet.
1203 4195 1282 4250 Epod.
1306 4194 1351 4248 tt,
