2946 4816
227 237 288 298 eta

228 397 272 460 Et
294 393 356 457 sibi
378 393 439 456 iam
462 389 526 454 seri
548 389 645 452 vitam
669 389 852 473 ingemuere
873 388 1027 452 relictam.
1051 423 1092 434 -

227 500 273 562 At
295 507 327 560 te
348 493 512 559 nocturnis
535 493 623 555 irruat
645 490 864 572 impallescere
885 491 1024 556 chartis:

228 598 348 666 Cultor
370 597 450 662 enim
473 596 621 659 iuvenum
645 603 797 677 ptrrgatas
821 593 934 657 inseris
957 617 1049 659 aures

227 705 339 786 Fruge
362 699 550 764 Cleanthea.
597 695 702 760 Petite
724 695 815 770 hine,
840 695 1034 782 iuvenesque
1057 719 1231 783 senesque,

227 805 338 870 Finem
362 801 467 865 animo
490 812 610 862 eertum
635 797 819 882 miserisque
842 798 956 863 viatica
980 801 1079 864 canis.
1105 838 1144 847 -
1304 803 1351 864 65

229 904 336 982 „Cras
352 907 417 968 hoe
431 903 520 966 liet.”
537 903 680 964 -Idem
698 920 769 963 eras
785 899 849 964 liet.
869 937 908 948 -
925 903 1058 984 „Quid?
1080 905 1170 987 quasi
1187 926 1352 990 magnum,

227 1011 352 1090 Nempe
375 1005 457 1070 diem
480 1004 615 1069 donas.”
640 1035 679 1046 -
703 1005 766 1066 Sed
788 1024 885 1086 qinom
909 1005 963 1068 lux
986 1007 1082 1070 altera
1106 1006 1214 1082 venit,

227 1112 295 1175 Iam
319 1131 389 1172 eras
412 1111 592 1172 hesternum
615 1105 879 1188 consumpsimus.
924 1109 1010 1173 Eoee
1033 1109 1116 1172 aliud
1138 1130 1209 1171 eras

228 1211 346 1298 Egerit
368 1214 426 1276 hos
449 1232 549 1274 annos
572 1221 602 1274 et
625 1230 751 1291 semper
773 1210 912 1291 perillum
935 1211 995 1274 erit
1018 1213 1113 1274 ultra.

226 1317 309 1380 Nem
333 1313 477 1398 qutamvis
500 1333 604 1395 prope
627 1323 675 1386 te,
700 1312 845 1396 qrraruvis
868 1323 994 1376 temone
1016 1317 1075 1376 sub
1099 1337 1162 1378 tino
1310 1320 1353 1377 70

227 1420 416 1482 Vertentem
439 1437 509 1480 sese
529 1415 651 1478 frustra
673 1417 837 1477 sectabere
861 1416 1027 1491 canthum,

227 1522 334 1601 Quom
356 1531 428 1584 rota
451 1515 619 1601 posterior
641 1539 752 1580 curras
776 1529 806 1579 et
828 1516 859 1579 in
884 1539 943 1580 axe
966 1521 1116 1582 seeundo.
1141 1551 1181 1562 -

224 1623 392 1687 Libertate
416 1643 498 1705 opus
521 1631 586 1694 est,
611 1641 674 1684 non
698 1621 775 1692 hae,
802 1640 880 1704 qua,
906 1633 939 1682 ut
962 1622 1095 1706 quisque
1119 1622 1237 1687 Velina

226 1724 362 1791 Publius
385 1723 536 1798 emeruit,
559 1722 737 1786 scabiosum
760 1723 912 1784 tesserula
934 1723 985 1785 lar

225 1828 388 1892 Possidet.
431 1826 505 1888 Heu
527 1824 650 1887 steriles
674 1825 759 1900 reri,
784 1823 900 1908 quibus
923 1847 982 1888 tina
1008 1826 1162 1906 Quiritem
1310 1830 1354 1892 75

227 1928 367 2014 Vertigo
389 1927 483 1991 lacit!
508 1926 571 1990 Hic
593 1927 696 1990 Dama
718 1937 765 1988 est
787 1947 850 1988 non
875 1927 981 1990 tressis
1005 1949 1123 2011 agaso,

227 2037 340 2113 Vappa
363 2040 394 2093 et
415 2030 522 2113 lippus
545 2029 626 2092 etin
651 2029 736 2092 tenui
759 2027 921 2114 farragine
944 2032 1098 2094 mendax:

227 2132 374 2197 Verterit
396 2133 479 2194 bunc
502 2131 665 2206 domiuus,
690 2143 850 2195 momento
872 2131 1006 2196 turbinis
1028 2135 1092 2196 exit

226 2237 361 2299 Marcus
383 2236 498 2299 Dama.
521 2269 562 2278 -
585 2235 714 2314 Papae!
738 2265 779 2277 —
802 2236 921 2298 Marco
944 2239 1140 2318 spondente,
1165 2259 1299 2300 recusas

226 2336 370 2401 Credere
393 2348 428 2399 tu
450 2335 620 2398 nummos?
642 2372 684 2383 -
706 2337 823 2400 Marco
847 2340 905 2398 sub
927 2336 1030 2401 iudiee
1052 2340 1165 2420 palles.
1310 2342 1358 2402 80

225 2441 360 2504 Marcus
383 2438 474 2501 dixit.
501 2439 610 2500 -Ita
635 2451 695 2500 est.
720 2475 760 2486 —
785 2438 949 2522 Adsigna,
975 2443 1117 2517 Marce,
1134 2443 1278 2506 tabellas.
1307 2477 1356 2488 -

224 2543 316 2606 Haeo
339 2563 425 2606 mera
447 2540 593 2614 libertam
617 2542 679 2603 hoe
702 2540 794 2603 nobis
818 2541 900 2623 pilea
926 2546 1057 2606 (tonant.

297 2761 337 2808 dl.
362 2785 387 2795 -
410 2763 461 2806 ium
480 2775 538 2806 sero
557 2761 586 2805 A.
608 2785 631 2793 -
653 2761 704 2804 iesu
716 2759 779 2822 fieri
800 2763 831 2804 V.
871 2757 914 2804 63.
933 2761 1015 2806 Nullus
1032 2776 1154 2806 meorum:
1176 2777 1203 2806 es
1219 2763 1353 2808 iuuenum.

193 2841 200 2854 ·
228 2831 435 2879 bl.-elounten
453 2832 527 2875 snut.
555 2827 1142 2890 lb.-liinepueriquelt.-lumcpueriqueA.
1177 2830 1355 2890 67.-quone

228 2905 251 2947 b.
267 2905 283 2947 l.
297 2903 327 2947 A.
360 2898 606 2958 69.-Egeritlroe
619 2901 650 2943 V.
678 2897 719 2945 70.
739 2924 769 2933 —
787 2902 1205 2960 quemquum·-puumquornslti.
1229 2899 1355 2946 7l.eon-

228 2971 307 3028 titiam]
323 2971 373 3014 RE.
391 2990 425 3003 -
437 2975 537 3012 contram
550 2969 671 3012 TVSAM.
705 2967 745 3012 72.
757 2967 834 3029 (litem
846 2969 869 3012 h.
884 2971 901 3013 1.
913 2970 942 3012 A.
976 2967 1016 3017 73.
1027 2971 1065 3013 Sic
1081 2970 1157 3014 Codd.
1170 2972 1227 3026 aliq.
1245 2971 1352 3027 Foquel.

231 3062 260 3074 -
273 3055 321 3084 non
340 3039 402 3090 bne,
423 3045 448 3082 ut
469 3038 571 3097 quisque
591 3037 712 3082 TVSEM.
734 3060 763 3069 -
782 3051 832 3081 non
846 3035 894 3081 bue
915 3051 989 3097 quum
1006 3039 1108 3097 quiaque
1129 3041 1159 3084 R.
1180 3053 1304 3094 supersrr.
1327 3047 1356 3084 ut

228 3111 345 3153 vocabulo
364 3122 447 3167 quesn.
473 3131 500 3140 -—
520 3105 634 3172 nonime
656 3121 704 3165 quo
722 3108 825 3166 quisque
843 3107 873 3150 A.
912 3131 944 3140 —
963 3120 1012 3152 non
1029 3105 1076 3153 leue
1097 3123 1179 3167 perum,
1201 3109 1354 3168 utquisque

228 3181 302 3223 Codrl.
321 3180 378 3235 aliq.
435 3175 475 3222 75.
503 3196 534 3210 ·-
560 3174 675 3220 Possedit
699 3178 729 3220 V.
786 3177 820 3220 lb.
852 3199 877 3211 -
903 3175 1015 3236 Quirites
1039 3178 1091 3222 SM.
1148 3177 1189 3222 76.
1218 3201 1246 3210 -
1267 3183 1306 3222 eet
1327 3185 1356 3222 ut

227 3254 260 3293 tr.
280 3249 311 3293 R.
342 3245 382 3292 77.
403 3269 436 3281 -
450 3245 537 3302 suppa
548 3247 633 3302 lippus
650 3246 749 3292 ttvsut.
789 3243 830 3293 78.
855 3268 881 3278 ··
902 3245 961 3289 bine
978 3248 1006 3291 A.
1028 3249 1064 3292 lb.
1084 3268 1117 3278 -
1135 3260 1209 3290 tuom.
1227 3249 1354 3304 temporie

227 3318 323 3362 TREA.
344 3317 384 3371 (ll.
411 3317 433 3360 in
453 3329 530 3374 liturg.
550 3315 681 3362 turbinis.)
711 3313 754 3359 bl.
775 3335 806 3349 -
819 3314 880 3360 dicit
898 3314 928 3360 A.
950 3317 986 3360 lb.
1006 3336 1038 3348 -·
1058 3315 1176 3376 Obsignoe
1189 3317 1218 3360 P.
1241 3314 1282 3360 82.
1302 3315 1353 3361 hoe

227 3387 298 3432 nobis
314 3388 385 3444 pileo
409 3383 513 3442 donant]
540 3384 593 3428 Vll.
613 3403 647 3418 ·-
666 3381 730 3428 bene
752 3384 824 3428 nobie
842 3385 911 3441 pileo
931 3383 1023 3430 donent
1048 3387 1100 3430 SM.
1121 3387 1222 3442 l'oquel.
1242 3387 1265 3428 iu
1291 3400 1353 3430 eon-

227 3463 301 3502 textu.
323 3478 351 3488 -
371 3453 433 3498 laneo
461 3455 533 3498 nobie
552 3453 622 3510 pilea
649 3452 724 3497 donat
754 3453 828 3497 'tum

225 3559 374 3571 ...ι-ι-

299 3615 340 3664 63,
361 3631 388 3660 es
407 3616 521 3659 inversum
540 3616 568 3658 P.
614 3611 644 3660 75
675 3628 724 3658 non
743 3613 804 3670 boe,
825 3631 898 3674 putrent
918 3622 942 3659 ut
961 3617 1110 3675 petisquerp.
1130 3642 1162 3650 —
1182 3615 1301 3672 notatae,
1326 3624 1355 3662 ut

227 3689 329 3748 quisquae
348 3687 414 3728 wW.
436 3707 465 3715 —
480 3682 602 3736 nonhue,
624 3699 671 3743 qun
687 3685 789 3742 quisque
807 3686 835 3729 P.
875 3683 916 3728 82.
930 3683 1081 3730 bunenoln'e
1100 3700 1122 3741 p.

229 3787 378 3800 ——1-—h

299 3837 339 3885 73.
363 3836 450 3880 Velina
464 3837 539 3880 tribus
555 3851 655 3892 urrmero
672 3838 772 3880 aliarum
791 3839 895 3882 tribuum
916 3839 1036 3894 secessim
1058 3842 1080 3881 et
1099 3839 1137 3893 qui
1154 3839 1217 3880 eirea
1236 3840 1353 3883 Velinum

231 3913 306 3952 laeum
324 3907 478 3958 habitabant,
500 3905 600 3949 Romam
623 3908 731 3950 translati
748 3913 811 3954 suut.
849 3908 939 3950 llomne
959 3911 1036 3949 autem
1057 3912 1108 3950 erat
1126 3910 1292 3961 cousuetudo,
1328 3915 1354 3951 ut

229 3979 268 4035 qui
285 3992 313 4021 ex
334 3977 520 4019 manumissione
543 3977 606 4018 rives
632 3975 731 4018 lloirruui
761 3975 938 4028 elliciebnutur,
971 3990 993 4017 m
1009 3991 1108 4018 numero
1125 3977 1210 4020 sirium
1229 3977 1353 4020 llorrrauo-

229 4061 281 4090 rmn
313 4047 455 4088 frumentum
487 4044 606 4099 publicum
638 4047 781 4099 inciperent.
838 4043 879 4089 75.
909 4043 1003 4105 Quibus
1034 4059 1083 4087 urta
1113 4043 1245 4105 Quiritem]
1284 4047 1353 4104 Quos

228 4115 439 4165 rrianumlttebuut,
466 4127 505 4156 eas
530 4115 598 4167 alapa
624 4128 749 4168 pereussos
777 4115 969 4171 circumagebant
995 4118 1019 4158 el
1047 4113 1137 4157 liberos
1165 4113 1353 4160 confirmabunt.

228 4186 293 4230 Unde
311 4180 466 4226 manumissio
484 4183 560 4236 dieta,
593 4185 654 4238 quod
671 4197 740 4227 trtanu
761 4185 905 4228 mitteretur.
951 4182 1073 4243 Quiritem
1094 4189 1172 4226 aulem
1194 4183 1353 4241 singulariter

228 4255 324 4297 abusive
345 4251 419 4303 dixit,
441 4251 536 4294 lieentia
557 4253 659 4304 poetica.
713 4253 772 4296 Nam
791 4253 853 4296 sieut
874 4257 940 4308 paler
959 4253 1108 4306 conscriptus
1128 4267 1173 4296 nou
1193 4253 1297 4309 dieitun3
1318 4255 1354 4297 itu

228 4338 271 4368 nee
290 4322 408 4378 Quiritem
428 4319 507 4362 dicere
527 4333 662 4372 possumus.
