2946 4816
556 407 729 474 SATIRA
760 411 928 475 SEXTA.

280 529 441 596 ¹Admovit
462 529 521 594 iam
544 532 656 593 bruma
678 531 757 596 ioco
779 541 830 607 te,
854 533 969 609 Basse,
996 533 1141 598 Sabino?

244 636 352 698 Iamne
375 634 444 714 lyra
467 644 498 697 et
521 633 636 696 tetrico
661 633 770 696 vivunt
791 632 851 698 tibi
873 634 995 717 pectine
1019 635 1182 700 chordae?

244 738 330 801 Mire
353 737 466 819 opifex
487 735 625 800 numeris
648 746 792 799 veterum
815 737 988 820 primordia
1010 760 1125 803 vocum

244 840 354 922 Atque
377 860 495 903 marem
517 839 682 920 strepitum
705 838 776 902 iidis
798 839 966 904 intendisse
987 841 1140 917 Latinae,

244 943 331 1004 Mox
353 940 485 1004 iuvenes
507 939 629 1026 agitare
652 941 742 1004 iocos
765 952 797 1004 et
820 941 936 1024 pollice
959 945 1093 1007 honesto

242 1041 406 1128 Egregios
428 1042 541 1107 lusisse
564 1041 676 1106 senes?
697 1073 739 1086 -
761 1042 845 1106 Mihi
866 1065 951 1107 nunc
973 1043 1076 1130 Ligus
1099 1067 1155 1109 ora

243 1147 370 1227 lutepet
391 1145 600 1228 hibernatque
624 1167 725 1208 meum
749 1167 851 1222 mare,
876 1169 937 1230 qua
960 1148 1040 1210 latus
1064 1148 1175 1232 ingens
1249 1155 1254 1165 '

242 1247 331 1312 Dant
352 1247 476 1330 scopuli
498 1259 530 1310 ct
552 1245 649 1310 nunlta
671 1247 744 1310 litus
767 1270 801 1312 se
825 1249 906 1312 valle
930 1262 1085 1332 receptat.

241 1349 368 1426 „Lunai
388 1361 517 1432 portum
542 1361 588 1412 est
611 1370 728 1431 operae
751 1372 970 1436 cognoscere,
995 1353 1127 1415 cives!’'

243 1451 313 1518 Cor
335 1453 424 1518 iubet
445 1453 507 1516 hoo
529 1451 632 1527 Enni,
657 1464 827 1536 postquam
850 1455 1016 1517 destertuit
1038 1477 1106 1520 esse

242 1555 454 1630 Maeonides,
479 1554 616 1635 Quintus
638 1575 765 1636 pavone
788 1578 829 1618 ex
852 1558 1075 1642 Pythagoreo.

241 1658 306 1723 Hic
327 1680 390 1743 ego
413 1679 543 1722 securus
566 1656 657 1744 volgi
678 1670 709 1720 et
731 1657 807 1742 quid
827 1672 998 1741 praeparet
1021 1661 1142 1722 Auster

241 1761 358 1824 Infelix
379 1760 511 1843 pecori;
534 1782 665 1823 securus
688 1772 737 1836 et,
763 1763 895 1848 angulus
918 1761 970 1826 ille

241 1863 352 1926 Vicini
374 1875 486 1927 nostro
509 1862 581 1945 quia
603 1861 768 1947 pinguior.
813 1864 885 1928 Etsi
907 1869 986 1930 acteo
1010 1887 1119 1929 omnes

240 1965 406 2029 Ditescent
430 1964 496 2029 orti
517 1964 700 2046 peioribus,
725 1988 826 2050 usque
849 1988 990 2030 recusem

242 2065 370 2132 Curvus
394 2070 436 2132 ob
459 2067 490 2130 id
513 2066 608 2128 minui
628 2066 719 2131 senio
742 2081 795 2131 ant
817 2089 954 2132 coenare
977 2070 1044 2134 sine
1068 2082 1163 2135 uncto

241 2172 286 2234 Et
307 2169 433 2254 signum
455 2168 488 2231 in
515 2170 626 2252 vapida
651 2190 728 2233 naso
752 2169 893 2254 tetigisse
916 2173 1041 2256 lagena.
1065 2204 1104 2215 -

239 2271 413 2354 Discrepet
435 2271 483 2335 his
505 2273 596 2334 alius.
642 2272 815 2348 Geminos,
840 2274 1047 2355 horoscope,
1076 2297 1154 2338 varo
1242 2345 1246 2350 ,

242 2374 402 2439 Producis
425 2372 541 2458 genio!
568 2373 651 2438 Solis
675 2374 830 2436 natalibus
853 2375 978 2458 estqui

242 2475 362 2562 Tingat
385 2477 455 2538 oleis
478 2477 595 2538 siccum
619 2476 716 2538 muria
741 2476 832 2539 vafer
855 2477 885 2539 in
909 2477 1004 2540 calice
1028 2490 1150 2562 empta,
1321 2479 1358 2540 20

240 2579 316 2662 Ipse
338 2601 461 2642 sacrum
483 2578 627 2642 irrorans
651 2578 775 2662 patinae
797 2579 902 2662 piper.
948 2581 1012 2644 Hic
1033 2583 1117 2646 bone
1140 2583 1233 2644 dente

311 2781 428 2826 suTtttt
446 2783 490 2827 Vl.
538 2779 562 2826 3.
582 2779 677 2839 uocum]
703 2780 792 2826 Omnes
811 2783 868 2826 urei.
919 2779 943 2825 1.
970 2799 1004 2816 -
1022 2781 1106 2841 Adque
1121 2785 1153 2826 V.
1200 2781 1224 2830 5.
1248 2805 1278 2814 -
1299 2778 1356 2824 tttox

241 2852 338 2896 iuvenis
356 2851 385 2895 tt.
436 2852 472 2896 lb.
492 2874 528 2888 -
545 2851 658 2912 cogitare
673 2849 759 2895 enodes
777 2851 806 2894 F.
830 2872 855 2883 -
878 2851 993 2910 agitasse
1014 2851 1081 2895 iocos
1101 2853 1137 2896 Μ.
1176 2850 1200 2896 6.
1220 2845 1356 2911 Egregios]

242 2920 332 2966 Omnes
356 2921 413 2964 inei.
463 2919 488 2965 8.
517 2941 550 2953 -
579 2921 640 2965 litus
665 2920 744 2964 multo
774 2920 827 2963 ΤΑ.
878 2917 901 2964 9.
927 2919 1086 2980 cognoscere]
1111 2921 1137 2965 S.
1166 2943 1193 2954 —
1214 2919 1356 2980 cognoscite

241 2989 388 3034 'iuvetur
428 2988 469 3034 to.
490 3013 522 3023 -
540 2989 653 3034 destituit
671 2990 701 3033 Τ.
722 3010 756 3024 -
772 3001 852 3045 ponus
869 3002 943 3047 quum
964 2988 1058 3034 destitit
1076 3004 1131 3033 esse
1151 2989 1211 3045 Cod.
1232 2991 1356 3033 Donuanus

242 3059 346 3102 Charisii
360 3060 420 3114 apud
434 3059 553 3103 Merulam
565 3058 631 3103 Eun.
653 3073 676 3113 p.
699 3057 739 3104 69.
762 3057 803 3102 11.
821 3082 854 3091 —
873 3056 981 3117 etpyth.
1002 3059 1032 3106 T.
1056 3057 1095 3104 tt.
1117 3083 1148 3092 -
1168 3060 1238 3119 vulgi
1255 3057 1316 3118 quid
1329 3055 1355 3099 li.

244 3125 285 3173 13.
306 3147 338 3160 -
357 3127 410 3171 illis
428 3129 459 3173 li.
507 3125 547 3172 16.
568 3127 713 3172 —Corvus
734 3128 764 3172 ll.
801 3127 838 3171 lb.
859 3147 893 3160 -
911 3133 935 3171 et
952 3142 1043 3172 cenare
1062 3130 1097 3173 M.
1143 3128 1183 3173 18.
1207 3152 1235 3162 -
1255 3127 1355 3172 Discre-

237 3203 284 3255 pot
311 3197 347 3244 M.
397 3194 438 3241 20.
467 3221 498 3231 -
526 3198 626 3257 tinguat
654 3199 690 3241 M.
739 3197 775 3244 lb.
804 3217 835 3231 -
861 3193 933 3240 holus
954 3197 1058 3242 TVEM.
1110 3197 1146 3246 lb.
1171 3219 1206 3232 -
1229 3204 1310 3255 empto
1327 3193 1353 3236 E·

243 3265 284 3311 21.
306 3291 338 3300 -
356 3263 404 3311 tlte
428 3267 463 3311 M.
513 3265 549 3311 lb.
569 3287 604 3300 —-
619 3267 693 3324 piper
708 3266 827 3311 irrorans
841 3266 944 3324 patinae
958 3267 989 3311 tt.

311 3429 427 3474 sa'rttta
445 3430 489 3474 vt.
543 3427 566 3477 3.
583 3427 727 3486 primordie
751 3442 837 3472 rerum
855 3443 876 3472 r.
927 3424 950 3471 6.
969 3424 1100 3488 Egregius
1119 3441 1173 3472 cnut
1190 3428 1300 3472 Bentleio
1320 3439 1354 3480 η).

245 3499 269 3545 9.
288 3501 431 3560 cognoscite
449 3499 494 3555 pP.

312 3661 427 3705 su't'ttth
440 3661 483 3705 Vl.
505 3658 528 3705 1.
544 3661 608 3704 Hanc
618 3662 716 3704 satiram
727 3660 811 3705 scribit
819 3660 918 3704 Persius
926 3662 954 3704 ad
968 3659 1078 3704 Caesium
1089 3660 1203 3713 Bassum,
1218 3661 1315 3714 potitam
1324 3659 1355 3709 iy-

243 3733 328 3784 ricum,
349 3745 419 3788 quem
434 3730 497 3774 fatua
507 3735 557 3784 est,
572 3731 594 3772 iu
608 3730 711 3784 praediis
725 3731 774 3774 suis
785 3732 903 3786 positum,
915 3731 1012 3774 ardente
1023 3730 1148 3783 Vesuvio,
1168 3735 1248 3774 monte
1259 3729 1354 3782 Catnpa·

243 3802 296 3847 niae
321 3805 344 3845 et
368 3802 414 3844 late
442 3799 536 3854 ignibus
561 3799 710 3852 abundante,
739 3813 793 3844 cum
817 3800 874 3843 ville
894 3812 938 3842 sua
955 3803 1033 3842 ustum
1053 3810 1117 3842 esse.
1165 3798 1209 3842 ilic
1227 3811 1286 3856 ergo
1304 3799 1355 3840 dum

243 3871 347 3929 viveret,
366 3869 443 3912 Rome
457 3871 485 3911 ad
504 3868 606 3912 Sabinos
622 3869 759 3913 necessario
779 3870 913 3922 transihat,
934 3868 973 3912 ubi
989 3867 1091 3911 brumali
1109 3872 1216 3922 ternpore
1238 3868 1262 3911 in
1285 3865 1354 3910 calido

244 3941 296 3984 loeo
316 3939 421 3982 carmina
434 3937 563 3982 scribebat.
603 3935 626 3982 6.
646 3934 713 3981 Mihi
729 3951 795 3982 nune
813 3936 894 3997 Ligus
912 3935 969 3995 ord]
988 3939 1019 3982 Se
1032 3939 1109 3993 insutu
1124 3937 1225 3980 Persius
1244 3933 1355 3994 signifieat

244 4010 374 4053 secessisse
399 4008 423 4050 in
445 4007 557 4064 Liguriae
579 4003 655 4060 fines,
688 4007 798 4052 videlicet
830 4011 929 4062 propter
957 4008 1067 4050 Fulviam
1094 4006 1229 4050 Siseuniaur
1260 4009 1354 4048 matrem

244 4090 325 4130 suam,
359 4089 418 4132 quae
444 4080 499 4131 post
522 4079 626 4120 mortem
645 4077 734 4131 prioris
756 4077 801 4120 viri
823 4076 856 4120 ibi
876 4081 948 4131 nupta
963 4081 1025 4120 erat.
1073 4072 1097 4118 7.
1117 4071 1250 4131 Hibernae]
1269 4073 1353 4120 saevit,

244 4147 280 4189 vet
294 4159 308 4188 a
327 4145 426 4203 navigiis
442 4150 519 4190 vacat.
557 4146 624 4189 stent
642 4147 706 4190 enirn
725 4158 797 4190 neves
813 4145 941 4190 hibernare
958 4145 1078 4198 dicimus,
1099 4144 1135 4188 sic
1148 4149 1172 4188 et
1189 4157 1269 4197 mare,
1289 4153 1354 4200 quoin

244 4229 290 4259 non
321 4215 455 4273 navigatur.
511 4213 535 4260 9.
565 4215 631 4260 Hunc
659 4227 755 4259 versum
784 4215 813 4260 ad
840 4227 908 4260 sunm
935 4227 1030 4260 carmen
1061 4215 1090 4258 de
1117 4212 1187 4258 Ennii
1216 4211 1354 4258 carminibus

245 4284 375 4329 transtulit.
449 4291 451 4296 '
525 4299 528 4306 ¹
