2952 4826
1179 229 1222 294 53

117 386 295 468 Quoniam
317 409 377 470 per
394 398 498 452 terras
517 385 671 452 frondent
691 397 785 474 atque
807 385 913 476 omnia
934 387 1070 465 florent,
1158 388 1221 450 215

117 490 178 552 Aut
193 489 295 552 nimiis
316 500 423 554 torret
444 488 630 555 fervoribus
652 489 811 554 aetherius
832 490 883 554 sol

119 591 180 653 Aut
198 589 489 674 subiteiperimunt
505 591 625 658 imbres
648 591 835 677 gelidaeque
857 591 990 674 pruinae

119 691 286 779 Flabraque
307 704 475 757 ventorum
499 693 644 758 violento
665 693 792 757 turbine
812 704 943 757 venant.

173 797 341 860 Praeterea
364 817 463 879 genus
486 794 683 858 horriferum
707 797 830 858 Natura
851 795 1011 873 ferarum,

117 897 269 961 Humanae
291 897 377 982 genti
399 895 563 973 infestum,
585 908 736 984 terraque
758 896 901 982 marique
1157 899 1221 962 220

116 997 199 1076 Quur
219 999 273 1062 alit
295 1010 390 1084 atque
412 998 531 1083 auget?
553 1021 637 1084 quur
659 998 732 1062 anni
752 1010 902 1081 tempora
923 1002 1057 1064 morbos

114 1100 314 1181 Apportant?
337 1123 437 1186 quare
459 1103 558 1166 Mors
578 1099 747 1164 immatura
770 1101 929 1186 vagatur?

170 1205 249 1264 Tum
271 1222 376 1284 porro
397 1225 495 1284 puer,
519 1214 553 1265 ut
574 1202 678 1266 saevis
699 1202 866 1285 proiectus
888 1201 1043 1266 abundis

112 1302 238 1381 Navita,
262 1306 363 1367 nudus
385 1303 472 1367 humi
493 1304 592 1380 iacet,
615 1305 734 1380 infans,
757 1304 887 1388 indigus
910 1303 997 1368 omni

110 1403 206 1467 Vitali
227 1404 369 1480 auxilio,
393 1426 490 1490 quotu
511 1405 649 1488 primum
670 1406 703 1470 in
724 1405 851 1469 luminis
873 1427 947 1469 oras
1157 1408 1218 1472 225

110 1504 242 1570 Nixibus
264 1529 306 1570 ex
327 1508 401 1571 alvo
425 1508 533 1572 matris
554 1503 678 1572 Natura
700 1507 863 1590 profudit3

109 1608 288 1695 Vagituque
310 1609 416 1673 locum
440 1610 570 1694 lugubri
593 1610 750 1693 complet,
774 1621 808 1671 ut
829 1619 1011 1694 aequomst,

110 1708 191 1787 Quoi
210 1721 331 1773 tantum
353 1710 386 1776 in
407 1711 474 1775 vita
496 1724 593 1776 restet
614 1710 752 1774 transire
776 1711 944 1775 malorum.

108 1811 150 1872 At
171 1812 276 1876 variae
300 1826 448 1876 crcscunt
469 1817 627 1896 pecudes,
651 1826 792 1877 armenta
812 1814 984 1898 feraeque:

107 1913 172 1976 Nec
193 1914 399 1997 crepitacillis
422 1937 504 1997 opus
525 1927 573 1979 est
594 1937 653 1978 nec
675 1914 848 2000 quoiquam
871 1915 1079 1979 adhibendast
1154 1919 1216 1981 230

107 2014 212 2080 Almae
233 2016 369 2080 nutricis
391 2018 506 2081 blanda
529 2028 623 2102 atque
644 2017 782 2080 infracta
802 2018 950 2103 loquela;

107 2117 171 2180 Nec
192 2117 299 2181 varias
320 2131 476 2204 quaerunt
498 2119 614 2182 vesteis
637 2141 699 2202 pro
722 2130 868 2202 tempore
891 2118 984 2183 caeli.

104 2219 246 2306 Denique
270 2242 335 2284 non
357 2220 455 2283 armis
477 2242 560 2304 opus
582 2232 645 2297 est,
668 2242 733 2285 nou
757 2221 923 2286 moenibus
945 2221 1037 2298 altis,

105 2319 164 2400 Qui
186 2345 243 2385 sua
266 2333 425 2398 tutentur,
448 2326 576 2409 quando
600 2323 749 2387 omnibus
772 2323 878 2388 omnia
901 2324 991 2408 large

73 2454 76 2460 =
105 2423 209 2489 Tellus
229 2425 301 2512 ipsa
322 2424 410 2510 parit
430 2427 616 2511 Natumque
638 2425 768 2490 daedala
790 2448 911 2491 rerum.
1155 2430 1216 2492 235

434 2612 514 2675 Lm.
531 2613 578 2675 V.
605 2633 640 2674 v.
664 2613 879 2676 tto-tnta.

160 2733 261 2814 Quod
281 2743 442 2814 superest,
466 2731 635 2818 quoniam,
652 2730 768 2816 magni
788 2753 848 2814 per
870 2730 997 2794 caerula
1018 2733 1127 2796 mundi
1196 2726 1202 2738 ’

102 2833 170 2913 Qua
190 2834 266 2899 fieri
288 2833 444 2920 quidquid
464 2845 576 2918 posset
598 2832 740 2910 ratione,
763 2833 906 2900 resolvi:

102 2935 182 3002 Solis
205 2937 255 3001 uti
276 2935 385 3002 varios
407 2959 519 3002 cursus
540 2937 696 3023 lunaeque
721 2948 857 3014 meatus,

100 3039 244 3104 Nosccre
265 3059 448 3122 possemus,
470 3060 553 3126 quae
576 3037 625 3102 vis
647 3049 679 3102 et
700 3059 812 3102 caussa
833 3038 953 3103 cieret:

101 3139 212 3219 Quove
234 3145 334 3207 modo
357 3141 481 3205 soleant
503 3143 624 3206 offecto
646 3139 762 3204 lumine
786 3140 879 3206 obire

99 3241 140 3302 Et
159 3265 219 3307 nec
244 3243 422 3326 opinanteis
444 3243 585 3307 tenebris
608 3246 770 3308 obducere
791 3254 911 3320 terras,
1155 3247 1215 3310 775

100 3343 201 3424 Quom
226 3339 318 3432 quiesi
341 3345 515 3410 connivent
536 3358 567 3410 et
589 3357 702 3429 aperto
725 3344 842 3410 lumine
857 3368 990 3433 *rursum

98 3536 140 3584 cfr.
159 3537 226 3582 Plio.
247 3538 311 3582 llist.
329 3543 379 3582 unt.
399 3536 423 3583 7.
445 3551 553 3594 prooem.
573 3537 705 3582 Hominem
722 3543 818 3582 tantum
836 3543 929 3582 nutura
946 3535 1041 3581 nudum
1058 3543 1083 3582 et
1100 3537 1129 3582 s'n
1146 3535 1216 3581 nuda

97 3602 167 3650 humo
184 3607 268 3651 mutuli
284 3607 324 3651 die
343 3607 434 3651 obiecit
451 3607 486 3652 nd
501 3613 613 3668 sagatum
632 3608 718 3652 stetim
736 3613 760 3651 et
775 3607 918 3665 ploratum,
946 3607 1090 3664 nullumque
1107 3611 1143 3650 tot
1160 3607 1216 3650 oni-

97 3676 198 3720 molt'um
223 3675 295 3721 uliud
318 3675 352 3720 ud
374 3676 511 3731 lacrimas,
540 3683 564 3722 st
586 3675 633 3722 laus
648 3677 768 3734 protinus
786 3677 850 3721 sitos
867 3676 1005 3735 principio.
1041 3675 1073 3720 At
1099 3673 1216 3720 hercules

97 3743 178 3800 risus,
205 3759 322 3802 praecox
341 3747 385 3790 ills
403 3751 427 3789 et
444 3746 610 3801 celerrimus,
638 3752 696 3790 unte
719 3745 945 3806 quadr-ugulinum
962 3745 1029 3789 diem
1046 3745 1112 3789 nuto·
1129 3744 1214 3790 datur.
1295 3799 1298 3808 .

98 3809 153 3858 229.
174 3814 274 3859 solidus
292 3817 371 3860 Bentl.
410 3813 526 3864 stulta
537 3816 576 3859 Pii
591 3816 666 3860 Codd.
681 3817 744 3860 Tres
758 3828 796 3870 sp.
811 3817 854 3860 W.
869 3817 962 3860 luutina
975 3814 1109 3872 atquedld.
1127 3815 1215 3859 llario-

96 3894 143 3925 rem
157 3883 218 3928 hane
230 3885 334 3929 formam
343 3884 456 3928 servabat
468 3885 539 3929 etiam
550 3885 713 3930 Tertullianus
723 3885 776 3929 adv.
789 3885 841 3928 lud.
853 3882 893 3938 9.5
908 3889 1034 3940 autequam
1045 3886 1215 3944 castigaretur.

97 3949 145 3995 Cle.
156 3953 241 3998 lleins.
249 3955 278 3998 ad
289 3955 413 3998 Claudiam
425 3954 450 3997 in
460 3953 563 4008 Eutrop.
574 3953 597 4008 l,
613 3951 672 3998 262.
686 3975 716 3986 -
733 3968 779 3998 nse
788 3954 945 4012 crepitacula
956 3953 994 3997 οἱα
1004 3966 1066 4011 opus
1078 3961 1117 4000 est
1128 3957 1173 4003 An.
1182 3955 1213 4000 Ρ.

98 4017 153 4067 llas.
172 4043 203 4054 -
223 4025 279 4080 opu'
296 4028 356 4068 sunt
371 4023 399 4069 L.
418 4023 468 4067 Gis.
497 4023 592 4068 Festive
610 4023 684 4067 ltalns
702 4024 726 4068 iu
744 4037 821 4082 marg.
835 4024 867 4068 tt.
892 4022 1216 4080 „Neocreps'tuunos'lls'e.'’

97 4084 153 4136 234.
174 4091 294 4149 puasds.
316 4115 346 4126 -
372 4093 443 4150 queis
459 4091 488 4137 C.
502 4093 533 4136 A.
547 4093 575 4136 L.
590 4093 621 4136 ll.
647 4093 694 4137 Sed
712 4097 804 4136 rectum
823 4098 860 4137 est
876 4094 934 4152 qul,
954 4096 980 4137 ut
998 4093 1162 4153 ambiguitatis
1180 4095 1215 4138 vi·

97 4159 178 4204 tendas
197 4174 268 4205 causa
285 4162 372 4218 scripsi
391 4176 453 4207 nunc
471 4175 526 4206 cum
545 4161 589 4205 Cd.
602 4161 634 4205 E.
650 4174 695 4216 pro
713 4161 770 4220 pusi
788 4162 861 4206 Wak.

461 4231 581 4276 -L1s.v.
611 4243 635 4276 v.
651 4226 826 4277 tto-1457.

145 4293 207 4344 77⁵.
227 4313 303 4360 nequa
321 4299 464 4358 opinanteis
482 4301 512 4346 G.
526 4299 558 4348 E.
573 4301 647 4344 Wak.
668 4299 778 4345 Attamen
791 4300 815 4346 iu
833 4298 870 4344 bis
886 4313 933 4345 nec
948 4302 1081 4360 opinatus,
1100 4312 1146 4345 nee
1159 4313 1215 4344 ma·
