2964 4814
239 245 317 314 162,

303 396 436 463 Anseris
459 405 491 457 et
512 401 612 456 tutum
635 407 716 452 voce
738 384 837 450 inisse
859 383 991 446 lovem:

238 502 344 581 Quom
369 517 416 560 me
442 492 578 559 Castalia
601 488 767 571 speculans
789 506 829 547 ex
851 485 968 546 arbore
991 478 1142 544 Phoebus

301 600 356 663 Sic
378 596 438 669 ait,
463 603 572 656 aurata
595 589 687 653 nixus
710 589 750 648 ad
771 596 863 647 antra
884 584 974 664 lyra:

241 699 351 780 „Quid
371 696 430 760 tibi
452 715 522 758 eum
544 691 615 768 tali,
638 691 786 762 demens,
810 696 858 748 est
878 681 1028 746 flumine?
1051 678 1120 763 quis
1142 689 1173 740 te

237 845 242 852 -
302 795 462 863 Carminis
482 792 575 856 heroi
597 803 729 874 tangere
750 787 842 850 iussit
863 783 969 867 opus?

238 903 314 964 Non
337 899 388 960 hio
411 896 474 958 ulla
497 893 554 956 tibi
575 893 730 973 speranda
755 899 802 951 eat
822 887 926 960 fama,
952 881 1124 963 Properti:

302 998 417 1062 Mollia
441 1005 513 1057 suot
534 991 644 1074 parvis
664 1001 756 1072 prata
779 990 910 1051 terenda
931 985 1031 1060 rotis,

238 1101 283 1164 Ut
304 1109 375 1162 tuus
397 1096 432 1159 in'
450 1113 579 1157 scamno
601 1091 736 1153 iactetur
757 1107 852 1169 saepe
873 1085 1021 1160 libellus,

302 1201 405 1280 Quem
428 1199 512 1278 legat
535 1204 723 1274 exspectans
747 1191 816 1252 sola
839 1189 943 1271 puella
966 1187 1083 1250 virum.

240 1301 309 1365 Cur
330 1312 382 1362 tna
404 1295 622 1379 praescriptos
635 1303 757 1354 evecta
780 1302 829 1354 est
850 1290 964 1372 pagina
989 1287 1104 1372 giros?

301 1401 376 1464 Non
401 1409 449 1460 est
469 1394 588 1480 ingenii
611 1394 722 1472 cymba
745 1393 906 1474 gravanda
930 1390 987 1452 tui.

239 1504 333 1566 Alter
356 1519 460 1562 remus
483 1515 600 1579 aquas,
624 1493 703 1555 alter
724 1490 783 1553 tibi
804 1492 896 1553 radat
917 1511 1047 1562 arenas;

303 1605 407 1665 'Putris
430 1594 639 1672 erist-medio
662 1591 796 1654 inanima
820 1592 913 1652 turba
937 1589 1015 1651 mari
1037 1591 1120 1651 est.”

239 1702 396 1774 Dixerat,
421 1711 452 1760 et
473 1697 599 1778 plectro
622 1696 727 1756 sedem
750 1685 824 1752 mihi
848 1701 1005 1754 monstrat
1027 1692 1169 1762 eburno,

304 1801 375 1880 Qua
398 1819 483 1862 nova
507 1814 655 1858 muscoso
679 1791 786 1855 semita
809 1791 893 1853 facta
916 1791 989 1855 solo
1013 1779 1087 1852 est(

240 1901 304 1964 Hic
327 1911 395 1962 erat
417 1896 517 1961 affixis
541 1894 652 1958 viridis
673 1894 823 1974 spelunca
845 1891 962 1972 lapillis

303 2001 554 2080 Pendebantquo
577 1994 664 2056 cavis
686 2005 835 2074 tympana
857 1991 1048 2072 pumicibus.
1112 2027 1126 2045 κ

241 2107 334 2186 Ergo
357 2103 525 2163 Musarum
549 2108 580 2157 et
604 2094 703 2158 Sileni
725 2093 825 2175 patris
847 2091 956 2176 imago

302 2195 428 2266 Fictilis
448 2209 478 2260 et
501 2195 628 2271 calami,
653 2197 724 2259 Pan
747 2196 914 2277 Tegeaee,
938 2194 1000 2266 tni;

240 2306 283 2366 Et
305 2300 443 2364 Veneris
465 2298 609 2361 dominae
632 2297 801 2368 volucres,
827 2314 896 2356 mea
917 2296 1031 2367 turba,
1054 2293 1220 2356 columbae

247 2461 249 2464 .
304 2401 447 2484 'lingunt
470 2399 648 2481 Gorgonea
670 2396 784 2479 punica
806 2407 912 2458 rostra
933 2395 1023 2466 laeo;

239 2503 462 2583 Diversaeque
485 2519 600 2562 novem
622 2497 755 2561 sortitae
778 2517 852 2558 raras
875 2495 1000 2576 puellae

304 2605 467 2666 Exercent
489 2611 612 2660 teneras
634 2598 665 2658 in
687 2617 744 2660 sua
767 2600 850 2660 dona
874 2617 995 2658 manus.
1106 2667 1109 2674 Α

240 2706 332 2767 Haec
353 2703 486 2764 hederas
509 2698 586 2781 legit
609 2697 640 2759 in
663 2700 810 2777 thyrsos,
835 2691 915 2760 haec
937 2696 1074 2760 carmina
1096 2698 1202 2760 nervis

303 2805 425 2883 Aptat3
449 2798 554 2862 stilla
579 2819 671 2862 manu
693 2793 775 2860 texit
797 2808 932 2880 utraque
954 2819 1074 2862 rosam.
1212 2785 1216 2799 ‘

297 3013 337 3058 13.
364 3027 416 3066 „ex
435 3009 537 3069 arbore]
555 3012 581 3056 ld
601 3025 647 3055 non
667 3016 703 3056 est
720 3012 747 3054 in
767 3009 872 3064 ardore,
901 3012 942 3055 sed
961 3011 1023 3055 inter
1038 3010 1160 3062 arbores,
1182 3013 1244 3067 quod
1260 3021 1304 3055 nos
1323 3015 1359 3057 di·

244 3085 319 3128 cimus
343 3095 390 3125 eus
407 3080 456 3124 den
478 3077 590 3124 Boumen
618 3093 662 3136 pro
684 3077 763 3124 durcla
781 3078 821 3122 dis
846 3076 967 3123 Bunmsr‘
993 3079 1060 3124 fland
1078 3080 1185 3124 Tursett.
1206 3077 1231 3124 2.
1252 3093 1276 3134 p.
1297 3079 1359 3127 ⁶26.

246 3149 286 3196 17.
303 3148 347 3214 ¹die
366 3149 441 3194 Codd.
457 3148 486 3192 L.
508 3169 537 3180 -
557 3146 615 3192 hine
633 3148 746 3191 Volscus.
766 3149 854 3205 Vulgo.
893 3144 935 3194 21.
956 3147 995 3192 sie
1013 3147 1080 3202 Lips.
1096 3149 1159 3192 scal.
1171 3150 1259 3206 Vulgo.
1274 3167 1308 3184 -·
1327 3150 1359 3194 L.

243 3226 267 3263 et
284 3221 332 3264 lae.
353 3232 406 3262 euin
424 3219 483 3262 Cdd.
499 3216 660 3272 praescripto
677 3221 773 3260 aeserta
789 3221 827 3259 est
839 3215 941 3274 pagine
958 3216 1032 3275 gire:
1052 3217 1103 3269 sed,
1119 3221 1145 3259 ut
1158 3229 1181 3261 v.
1200 3214 1285 3260 seselis
1302 3215 1368 3276 (ons

241 3288 281 3332 dis
300 3287 366 3330 Seite
379 3282 487 3342 falaren)
504 3285 615 3328 Latinum
627 3284 673 3338 sit,
694 3285 782 3340 dequo
799 3296 966 3340 magnoopere
982 3285 1090 3328 dubitare
1104 3285 1174 3339 lieet,
1194 3286 1360 3343 ingratissima

242 3362 319 3400 tamen
346 3358 410 3398 esset
437 3355 525 3410 unago.
575 3353 661 3396 'Potius
680 3353 727 3397 lori
749 3351 924 3396 distinctionem
945 3353 980 3398 sie
1001 3354 1125 3398 constituit
1148 3352 1247 3398 lsooh.:
1267 3352 1361 3398 Mollia

242 3430 301 3469 sunt
316 3423 405 3479 pernis
429 3427 508 3478 preto
531 3420 634 3464 terendo
655 3422 727 3464 rotie.
772 3418 801 3464 Ut
819 3426 876 3463 tuus
897 3420 925 3464 in
942 3433 1048 3466 acemsao
1065 3421 1172 3466 iactetur
1188 3435 1264 3477 saepe
1287 3422 1361 3467 libad-

242 3495 297 3546 1us,
318 3491 395 3552 Quem
412 3491 482 3549 leget
499 3495 652 3545 exspectans
670 3489 725 3532 eolo
742 3489 828 3543 puella
846 3489 947 3543 virum,
968 3486 1017 3534 Gur
1035 3495 1078 3533 tna
1088 3491 1249 3547 praescripto
1260 3497 1361 3540 assecta

242 3567 280 3604 eae
294 3561 393 3620 pagina
410 3557 487 3618 glro?
524 3556 554 3601 Ut
571 3559 604 3600 ita
628 3558 675 3600 erit
701 3557 769 3611 lieet,
798 3557 919 3614 quernus.
962 3558 1008 3602 Sed
1030 3563 1079 3601 tota
1098 3559 1143 3602 loci
1163 3559 1280 3604 sententia
1303 3561 1360 3604 huie

243 3628 329 3672 rationi
347 3632 465 3682 repugnat
480 3626 568 3670 merito
587 3640 599 3667 a
618 3622 665 3668 Le.
684 3625 798 3670 reiectae.
835 3625 880 3668 Est
896 3630 976 3669 autern
994 3627 1068 3671 haec:
1090 3632 1136 3679 „ut
1157 3626 1258 3672 libenter
1277 3629 1360 3686 legare

245 3712 258 3738 a
279 3695 382 3753 puellis,
401 3695 480 3738 tenuia
501 3699 570 3749 atque
589 3693 705 3736 amatoria
725 3697 865 3750 argumenta
884 3695 950 3750 sequi
970 3694 1070 3738 debes.''
1105 3695 1158 3738 Non
1173 3705 1249 3740 vero:
1268 3696 1361 3749 „Licet

244 3770 283 3807 tua
301 3764 406 3807 carmina
424 3766 504 3806 ament
526 3761 633 3815 praellae,
661 3773 703 3804 cur
719 3761 806 3820 altiore
825 3761 962 3805 affectas?”
979 3762 1011 3806 Et
1026 3764 1125 3818 proprie
1145 3761 1175 3807 Ut
1193 3788 1203 3798 ·
1222 3787 1232 3798 ·
1250 3763 1360 3809 iactetur

245 3847 274 3875 ne
298 3829 444 3887 significaret
473 3830 568 3886 quidem
594 3829 667 3882 iliud,
699 3823 762 3886 quod
782 3831 832 3872 volt
850 3829 917 3883 lae,
944 3833 985 3875 sed
1005 3836 1070 3875 esset
1087 3832 1145 3884 „fac
1165 3836 1231 3874 tunm
1251 3831 1360 3876 libellum

246 3899 362 3951 iactari,”
378 3902 474 3957 gesem
491 3895 556 3940 ouels
574 3895 608 3940 du
626 3895 732 3942 werde-st
748 3894 837 3959 ditufig
855 3899 975 3956 gele-sem
993 3900 1054 3955 quod
1076 3898 1100 3942 h.
1120 3900 1136 3943 Ι.
1159 3899 1289 3943 absurdum
1311 3905 1358 3945 est.

245 3964 287 4010 29.
316 3964 387 4024 Ergo
410 3963 451 4009 die
467 3963 601 4009 Musarum
618 3965 716 4011 Lachne.
736 3966 799 4010 coni.
828 3967 874 4009 Sed
898 3980 961 4025 ergo
980 3966 1004 4010 h.
1028 3969 1045 4016 1.
1071 3981 1118 4011 non
1146 3968 1245 4021 proprie
1263 3969 1361 4024 quidem

238 4030 364 4100 *significat
381 4039 433 4076 tum
446 4034 482 4077 vel
499 4031 603 4085 deinde,
623 4035 664 4078 sed
682 4034 783 4077 inservit
800 4039 890 4079 tautum
902 4036 1074 4080 continuandas
1092 4036 1211 4089 orationi,
1236 4049 1291 4080 eum
1309 4051 1361 4080 ma·

245 4104 297 4146 iore
316 4102 395 4156 aliqua
409 4101 441 4144 vi.
490 4098 533 4146 3⁰.
551 4115 566 4144 a
584 4101 679 4159 Tegea,
700 4101 817 4148 Arcadiae
834 4103 903 4148 urbe.
960 4101 1002 4148 31.
1024 4102 1054 4148 Ut
1071 4103 1131 4148 Ced.
1152 4103 1229 4149 Gron.
1250 4127 1284 4137 —
1303 4117 1360 4148 meo

245 4182 308 4214 curo
325 4169 448 4218 Passer-at.
514 4166 555 4213 32.
575 4170 610 4223 „i.
631 4184 653 4214 e.
674 4170 838 4226 Hippocrene,
869 4172 924 4216 tons
947 4172 1001 4228 eqni
1021 4171 1144 4230 Gorgonei
1169 4185 1190 4218 s.
1217 4172 1305 4231 Pegasi
1330 4186 1360 4218 ex

245 4251 332 4282 eruore
359 4237 474 4281 Medusae
503 4239 550 4280 orti
574 4239 660 4296 ungala
684 4239 751 4292 pedis
775 4234 900 4293 apertus)³
919 4241 993 4284 Kuin.
1067 4238 1108 4285 3³.
1128 4241 1187 4284 iura
1208 4241 1272 4287 Sosi.
1293 4243 1359 4289 roni.
