2952 4826
119 387 164 450 Et
184 384 427 448 moriebantur:
453 401 523 446 cum
546 379 658 463 primis
675 381 739 445 fida
760 401 871 444 canum
897 379 946 444 vis

121 489 230 550 Strata
254 485 317 549 viis
339 483 473 548 animam
496 486 639 566 ponebat
660 483 694 549 in
715 483 864 548 omnibus
883 504 998 568 aegre:

121 589 354 674 Extorquebat
374 586 458 650 enim
484 585 581 649 vitam
604 584 654 649 vis
680 587 828 650 morbida
852 584 1014 650 membris.

189 689 379 754 lncomitata
396 687 468 772 rapi
491 690 658 752 certabant
676 688 788 753 lunera
809 699 910 752 vasta.

125 794 199 856 Nec
219 791 301 856 ratio
319 791 440 855 remedi
463 791 641 856 communis
664 803 751 855 certa
775 793 929 853 dabatur:
1163 793 1244 856 1225

125 897 209 958 Nam
232 897 321 981 quod
342 894 384 956 all
407 896 537 957 dederat
559 892 684 957 vitaleis
705 891 790 956 adris
813 914 906 955 auras
1031 903 1034 908 '

125 996 274 1062 Volvere
291 996 324 1059 in
347 1018 404 1060 ore
426 995 525 1060 licere
544 1005 575 1058 et
598 995 678 1058 caeli
699 995 817 1077 templa
839 994 941 1072 tueri,
1005 1051 1009 1058 .

122 1102 203 1164 Hoc
223 1097 293 1161 aliis
316 1109 384 1161 erat
407 1097 508 1162 exitio
531 1098 692 1183 letumque
714 1099 862 1178 parabat.

187 1201 275 1266 Illud
296 1200 329 1263 in
350 1200 400 1264 his
425 1203 521 1264 rebus
547 1200 757 1263 miserandum
778 1211 809 1262 et
832 1220 949 1283 magno
974 1221 1073 1281 opere
1098 1222 1190 1263 unum

123 1302 354 1368 Aerumnabile
378 1314 463 1377 erat,
486 1306 591 1389 quod,
614 1301 671 1365 ubi
693 1323 726 1365 se
748 1301 883 1387 quisque
905 1301 1034 1364 videbat
1164 1303 1246 1367 1230

122 1405 322 1487 Implicitum
342 1407 477 1481 morbo,
502 1403 600 1468 morti
621 1406 783 1466 damnatus
805 1414 840 1465 ut
862 1414 962 1478 esset,

122 1506 291 1586 Deficiens
313 1505 439 1582 animo,
462 1518 582 1571 maesto
608 1529 679 1569 cum
703 1508 803 1570 corde
826 1504 952 1569 iacebat

124 1611 255 1672 Funera
276 1619 477 1690 respectans,
500 1608 633 1671 animam
656 1619 689 1671 et
705 1606 851 1672 mittebat
872 1607 1003 1672 ibidem.

190 1710 320 1794 Quippe
341 1710 454 1774 etenim
476 1710 564 1774 nullo
590 1712 755 1774 cessabant
775 1722 922 1793 tempore
944 1709 1044 1793 apisci

127 1815 183 1876 Ex
202 1812 272 1876 aliis
295 1811 376 1876 alios
399 1811 486 1876 avidi
510 1811 661 1896 contagia
683 1813 808 1890 morbi,
1165 1813 1248 1877 1235

128 1914 308 1999 Lanigeras
326 1925 485 2000 tamquam
508 1919 647 1997 pecudes
669 1926 699 1978 et
720 1917 840 1978 bucera
862 1915 960 1979 secla.

126 2017 230 2102 quue
250 2017 303 2080 vel
324 2016 357 2079 in
378 2016 492 2098 primis
516 2018 697 2081 cumulabat
714 2016 826 2080 funere
845 2017 953 2081 funus.

125 2121 211 2183 Nam
233 2117 470 2204 queiquomque
493 2141 568 2185 suos
589 2119 771 2202 fugitabant
793 2119 898 2184 visere
921 2124 961 2184 ad
983 2142 1118 2206 aegros,

124 2221 220 2284 Vitai
239 2220 371 2283 nimium
392 2221 526 2303 cupidos
549 2221 728 2306 mortisque
750 2222 908 2285 timenteis

123 2322 289 2388 Poenibat
308 2324 416 2406 paullo
438 2335 515 2406 post
534 2323 621 2404 turpi
644 2336 748 2387 morte
771 2325 915 2410 malaque
1166 2327 1249 2389 1210

123 2427 302 2500 Desertos,
326 2423 403 2508 opis*
420 2425 584 2508 experteis
604 2425 735 2490 Incuria
753 2439 907 2492 mactans.

126 2526 213 2608 Quei
237 2515 363 2598 fuerant
386 2539 488 2591 autem
508 2538 657 2610 praesto,
681 2528 874 2613 contagibus
896 2528 985 2591 ibant

125 2632 239 2714 Atque
251 2629 392 2720 *Alab-o're,
415 2632 522 2712 pudor
539 2652 633 2715 quem
651 2641 716 2692 tum
741 2635 880 2715 cogebat
902 2632 995 2696 obire

125 2732 316 2817 Blandaque
337 2732 496 2796 lassorum
519 2754 603 2807 vox,
627 2732 727 2796 mixta
749 2755 832 2798 voce
852 2733 1015 2818 querelae.

128 2835 301 2917 Optumus
313 2836 379 2897 hoe
400 2834 455 2896 leti
479 2856 577 2919 genus
599 2856 681 2919 ergo
704 2834 839 2921 quisque
859 2838 999 2899 subibat.
1134 2844 1136 2848 ’
1167 2839 1249 2902 1215

192 2936 295 3022 Inque
317 2933 388 3003 aliis
411 2935 505 3000 alium
527 2938 683 3020 populum
709 2938 845 3020 sepelire
866 2961 995 3003 suorum

127 3123 171 3166 w.
193 3139 223 3152 -·
243 3118 304 3164 aliia
325 3118 354 3163 1..
376 3118 405 3163 11.
425 3120 507 3175 „quod
521 3121 637 3164 orationis
650 3122 797 3166 concinnitas
818 3123 886 3166 valde
901 3119 1082 3167 'eornrneudat’'
1100 3123 1132 3178 (1)
1152 3117 1247 3179 Noblie.

128 3187 207 3235 1228.
227 3187 347 3245 (peribat.
362 3189 404 3231 W.
420 3187 496 3245 coni.)
551 3186 627 3235 1222.
647 3195 671 3234 et
689 3190 821 3235 eliminavit
832 3193 874 3234 W.
889 3192 1031 3236 auctoritate
1051 3193 1127 3237 Codd.
1144 3187 1169 3241 2ζ
1186 3193 1248 3237 Edd.

126 3265 187 3305 1111.
227 3254 303 3302 1232.
323 3269 394 3316 quom
408 3258 440 3300 W
444 3259 522 3302 .coni.
567 3257 644 3305 1233.
663 3261 774 3304 animum
788 3267 811 3306 ei
823 3261 934 3304 mittebat
946 3258 1047 3318 ibidem]
1064 3263 1102 3306 Sic
1113 3263 1157 3306 Cd.
1173 3264 1202 3307 Z.
1218 3265 1248 3306 Α.

126 3330 157 3375 1..
171 3329 203 3371 11.
214 3328 307 3372 Eichst.
322 3328 397 3371 1“ο111.
417 3328 460 3380 „in
473 3329 526 3383 ipso
539 3328 581 3372 illo
593 3331 646 3373 loro
655 3361 661 3384 ,
682 3330 721 3373 ubi
737 3344 791 3375 sese
806 3335 985 3386 prostraverat,
1004 3332 1077 3375 vitam
1094 3332 1204 3377 edebat.''
1217 3355 1250 3366 -

126 3399 242 3444 unimam
258 3396 369 3440 mittebat
387 3396 457 3440 idem·
470 3399 530 3452 (0m.
544 3396 579 3455 et)
596 3399 641 3444 Cd.
653 3399 683 3442 E.
700 3400 727 3442 ln
740 3413 817 3458 rnnrg.
836 3399 937 3444 ibidem.
959 3423 992 3433 -
1011 3402 1122 3444 unirnam
1138 3401 1250 3444 mittebat

126 3475 152 3514 et
170 3465 238 3512 idem
256 3468 340 3520 11111..
362 3467 423 3524 quod
440 3466 566 3524 aliquando
582 3469 640 3512 mihi
660 3470 791 3524 placuerat.
813 3493 845 3503 ·-
864 3471 974 3512 animum
993 3468 1141 3512 immittebat
1158 3469 1251 3513 ibidem

127 3535 218 3584 1021.
233 3537 305 3580 Wak.
322 3559 359 3569 ⁸-
378 3536 488 3579 unimum
505 3536 737 3582 ernittebut'ibidem
756 3539 800 3581 Cd.
815 3537 862 3594 C.;
881 3540 943 3593 quod
965 3551 1020 3582 sane
1035 3543 1140 3592 praestat
1154 3539 1249 3582 lectioni
1331 3589 1351 3596 Ι,

125 3608 202 3652 war.
226 3607 407 3663 Aegreutamcn
429 3606 513 3660 copula
531 3619 651 3652 caremus.
713 3603 788 3651 1236.
811 3608 889 3664 Quam
907 3620 948 3660 per
967 3610 1044 3648 totum
1059 3606 1083 3649 b.
1102 3607 1119 3649 l.
1139 3621 1252 3666 uersuum

126 3679 190 3722 ordo
205 3677 332 3719 admodum
350 3675 459 3719 turbatus
477 3676 509 3718 sit
524 3678 547 3718 in
564 3677 640 3720 Codd.
658 3681 681 3721 ct
698 3675 760 3720 Edd.
780 3681 838 3720 vett.
848 3707 855 3729 ,
876 3675 1249 3735 1111111111ιί111111011111111.

127 3753 153 3792 et
165 3746 259 3790 Eicbst.
274 3746 377 3788 desertis
390 3745 525 3788 bentleiuur
538 3760 564 3788 ac
578 3747 651 3790 war.
666 3748 737 3790 duces
756 3745 823 3802 sequi
842 3749 999 3799 provocantes
1010 3746 1038 3787 ad
1052 3745 1159 3799 Thucyd.
1170 3743 1194 3800 2,
1207 3742 1248 3790 51.
1323 3759 1330 3770 ’

127 3813 188 3866 Καὶ
206 3808 269 3868 ὅτι,
299 3807 400 3882 ἕτερος
418 3806 469 3874 ἀφ’
488 3809 590 3882 ἑτέρου
615 3812 774 3882 θεραπείας
792 3809 1064 3877 ἀναπιμπλάμενοι,
1097 3807 1195 3882 ὥσπερ
1213 3809 1251 3864 τὰ

127 3882 267 3955 πρόβατα
286 3875 449 3946 ἔθνησκον,
476 3879 599 3932 καὶτὸν
617 3882 754 3933 πλεῖστον
773 3877 892 3952 φθόρον
910 3878 1001 3930 τοῦτο
1020 3879 1154 3932 ἐνεποίει.
1186 3885 1251 3929 Ean·
1287 3931 1291 3938 ,

128 3958 182 3999 dem
198 3954 319 3998 rationem
336 3957 432 3997 secutus
448 3957 484 3996 est
502 3954 594 4007 Foro,
615 3967 686 4011 quem
705 3954 812 3997 consule.
853 3949 928 3996 1219.
950 3951 984 3994 lta
995 3951 1071 3996 Codd.
1085 3953 1250 3998 Eddvetud.

128 4023 216 4082 cupido·
228 4023 303 4070 1.;·fl.
343 4019 419 4066 1210.
439 4021 678 4068 Poenibet'l'nrneb.
692 4022 798 4068 coai.1..
811 4023 840 4067 H.
855 4023 895 4066 W.
916 4045 948 4053 -
967 4019 1091 4076 Poenibua
1107 4037 1128 4066 s.
1143 4023 1252 4083 l’enibue

127 4099 153 4138 et
173 4093 251 4137 Codd.
266 4094 326 4138 Ver.
342 4093 404 4138 Van.
422 4111 457 4123 —
476 4089 585 4136 Venibus
600 4099 624 4138 et
640 4093 708 4138 Brix.
764 4089 840 4140 1212.
861 4089 952 4146 „ibunt
967 4091 983 4137 i.
1003 4105 1024 4135 e.
1040 4093 1152 4146 abibant,
1177 4095 1250 4137 inler-

127 4162 221 4208 ibant.”
238 4161 321 4206 Forb.
344 4161 382 4206 ste
399 4163 532 4206 etiamnunc
550 4163 603 4206 11111Ι
623 4167 737 4218 usurpant
755 4176 824 4205 sunm
839 4176 862 4206 1.
881 4159 985 4205 undare.
1037 4158 1113 4206 1216.
1134 4162 1251 4205 Construe

128 4247 184 4278 cnm
200 4231 319 4276 Creecbio
338 4236 361 4276 et
379 4231 513 4277 lluebelio:
545 4233 644 4286 „Alium
659 4233 773 4287 populum
791 4231 862 4289 (1.1.
879 4229 1069 4284 inultitudinem)
1086 4244 1185 4274 snorum
1200 4233 1253 4283 post

127 4300 558 4348 11111111111111ο1111111111111111
582 4302 686 4358 sepelire
710 4306 829 4352 certantes
848 4306 894 4346 cet.
928 4301 976 4346 Atti
996 4302 1157 4359 distinguunt:
1177 4296 1253 4355 Inque
