<?xml version="1.0" encoding="UTF-8"?>
<!DOCTYPE html PUBLIC "-//W3C//DTD XHTML 1.0 Transitional//EN"
    "http://www.w3.org/TR/xhtml1/DTD/xhtml1-transitional.dtd">
<html xmlns="http://www.w3.org/1999/xhtml" xml:lang="en" lang="en">
 <head>
  <title>
</title>
<meta http-equiv="Content-Type" content="text/html;charset=utf-8" />
  <meta name='ocr-system' content='tesseract 3.04.00' />
  <meta name='ocr-capabilities' content='ocr_page ocr_carea ocr_par ocr_line ocrx_word'/>
</head>
<body>
  <div class='ocr_page' id='page_1' title='image "./eclogaepoetarum01orelgoog_0200.png"; bbox 0 0 2964 4814; ppageno 0'>
   <div class='ocr_carea' id='block_1_1' title="bbox 137 372 1266 2404">
    <p class='ocr_par' dir='ltr' id='par_1_1' title="bbox 137 372 1266 2404">
     <span class='ocr_line' id='line_1_1' title="bbox 138 372 1099 459; baseline -0.004 -19"><span class='ocrx_word' id='word_1_1' title='bbox 138 378 240 458; x_wconf 87' lang='lat' dir='ltr'><strong>Quod</strong></span> <span class='ocrx_word' id='word_1_2' title='bbox 261 374 404 459; x_wconf 83' lang='lat' dir='ltr'><strong>quamvis</strong></span> <span class='ocrx_word' id='word_1_3' title='bbox 426 396 521 442; x_wconf 88' lang='lat' dir='ltr'><strong>nemo</strong></span> <span class='ocrx_word' id='word_1_4' title='bbox 543 385 608 451; x_wconf 84' lang='lat' dir='ltr'><strong>est,</strong></span> <span class='ocrx_word' id='word_1_5' title='bbox 633 372 722 438; x_wconf 87' lang='lat' dir='ltr'><strong>cuius</strong></span> <span class='ocrx_word' id='word_1_6' title='bbox 745 373 907 438; x_wconf 81' lang='lat' dir='ltr'><strong>referatur</strong></span> <span class='ocrx_word' id='word_1_7' title='bbox 928 373 968 436; x_wconf 79' lang='lat' dir='ltr'><strong>ed</strong></span> <span class='ocrx_word' id='word_1_8' title='bbox 990 391 1099 449; x_wconf 75' lang='lat' dir='ltr'><strong>autres,</strong></span> 
     </span>
     <span class='ocr_line' id='line_1_2' title="bbox 202 475 870 560; baseline -0.007 -17"><span class='ocrx_word' id='word_1_9' title='bbox 202 478 258 543; x_wconf 78' lang='lat' dir='ltr'><strong>sie</strong></span> <span class='ocrx_word' id='word_1_10' title='bbox 278 491 383 543; x_wconf 87' lang='lat' dir='ltr'><strong>tamen</strong></span> <span class='ocrx_word' id='word_1_11' title='bbox 406 479 540 542; x_wconf 81' lang='lat' dir='ltr'>absumo</span> <span class='ocrx_word' id='word_1_12' title='bbox 562 476 753 560; x_wconf 77' lang='lat' dir='ltr'>decipioque</span> <span class='ocrx_word' id='word_1_13' title='bbox 776 475 870 540; x_wconf 84' lang='lat' dir='ltr'><strong>diem.</strong></span> 
     </span>
     <span class='ocr_line' id='line_1_3' title="bbox 137 577 1262 666; baseline -0.005 -21"><span class='ocrx_word' id='word_1_14' title='bbox 137 583 251 666; x_wconf 86' lang='lat' dir='ltr'><strong>Ergo,</strong></span> <span class='ocrx_word' id='word_1_15' title='bbox 275 583 363 663; x_wconf 91' lang='lat' dir='ltr'><strong>quod</strong></span> <span class='ocrx_word' id='word_1_16' title='bbox 385 581 463 644; x_wconf 89' lang='lat' dir='ltr'><strong>vivo</strong></span> <span class='ocrx_word' id='word_1_17' title='bbox 486 577 637 662; x_wconf 86' lang='lat' dir='ltr'><strong>durisque</strong></span> <span class='ocrx_word' id='word_1_18' title='bbox 658 577 822 642; x_wconf 76' lang='lat' dir='ltr'><strong>laboribus</strong></span> <span class='ocrx_word' id='word_1_19' title='bbox 845 579 943 641; x_wconf 89' lang='lat' dir='ltr'><strong>obsto</strong></span> <span class='ocrx_word' id='word_1_20' title='bbox 1203 577 1262 639; x_wconf 80' lang='lat' dir='ltr'><strong>tls</strong></span> 
     </span>
     <span class='ocr_line' id='line_1_4' title="bbox 202 679 909 755; baseline -0.007 -9"><span class='ocrx_word' id='word_1_21' title='bbox 202 685 275 746; x_wconf 87' lang='lat' dir='ltr'><strong>Nec</strong></span> <span class='ocrx_word' id='word_1_22' title='bbox 297 703 346 746; x_wconf 92' lang='lat' dir='ltr'><strong>me</strong></span> <span class='ocrx_word' id='word_1_23' title='bbox 367 681 523 746; x_wconf 77' lang='lat' dir='ltr'><strong>sollicitae</strong></span> <span class='ocrx_word' id='word_1_24' title='bbox 544 679 647 745; x_wconf 81' lang='lat' dir='ltr'><strong>taedia</strong></span> <span class='ocrx_word' id='word_1_25' title='bbox 669 679 909 755; x_wconf 81' lang='lat' dir='ltr'><strong>lucis&#39;habent,</strong></span> 
     </span>
     <span class='ocr_line' id='line_1_5' title="bbox 138 781 976 863; baseline -0.004 -15"><span class='ocrx_word' id='word_1_26' title='bbox 138 782 271 861; x_wconf 79' lang='lat' dir='ltr'><strong>Gratia,</strong></span> <span class='ocrx_word' id='word_1_27' title='bbox 296 785 410 860; x_wconf 89' lang='lat' dir='ltr'><strong>Musa,</strong></span> <span class='ocrx_word' id='word_1_28' title='bbox 435 781 511 846; x_wconf 83' lang='lat' dir='ltr'><strong>tibi:</strong></span> <span class='ocrx_word' id='word_1_29' title='bbox 537 803 608 845; x_wconf 82' lang='lat' dir='ltr'><strong>nam</strong></span> <span class='ocrx_word' id='word_1_30' title='bbox 631 793 666 846; x_wconf 92' lang='lat' dir='ltr'><strong>tu</strong></span> <span class='ocrx_word' id='word_1_31' title='bbox 688 781 801 846; x_wconf 90' lang='lat' dir='ltr'><strong>solatia</strong></span> <span class='ocrx_word' id='word_1_32' title='bbox 823 782 976 863; x_wconf 78' lang='lat' dir='ltr'>praebes,</span> 
     </span>
     <span class='ocr_line' id='line_1_6' title="bbox 204 882 907 969; baseline -0.004 -20"><span class='ocrx_word' id='word_1_33' title='bbox 204 887 257 952; x_wconf 87' lang='lat' dir='ltr'><strong>Tu</strong></span> <span class='ocrx_word' id='word_1_34' title='bbox 278 905 374 950; x_wconf 81' lang='lat' dir='ltr'><strong>curae</strong></span> <span class='ocrx_word' id='word_1_35' title='bbox 395 885 542 969; x_wconf 81' lang='lat' dir='ltr'><strong>requies,</strong></span> <span class='ocrx_word' id='word_1_36' title='bbox 565 895 600 947; x_wconf 91' lang='lat' dir='ltr'><strong>tu</strong></span> <span class='ocrx_word' id='word_1_37' title='bbox 623 882 777 948; x_wconf 87' lang='lat' dir='ltr'><strong>medicina</strong></span> <span class='ocrx_word' id='word_1_38' title='bbox 799 883 907 946; x_wconf 85' lang='lat' dir='ltr'><strong>venis:</strong></span> 
     </span>
     <span class='ocr_line' id='line_1_7' title="bbox 138 986 1034 1064; baseline -0.003 -13"><span class='ocrx_word' id='word_1_39' title='bbox 138 989 193 1051; x_wconf 89' lang='lat' dir='ltr'><strong>Tu</strong></span> <span class='ocrx_word' id='word_1_40' title='bbox 215 988 299 1064; x_wconf 80' lang='lat' dir='ltr'><strong>dux,</strong></span> <span class='ocrx_word' id='word_1_41' title='bbox 322 999 359 1050; x_wconf 94' lang='lat' dir='ltr'><strong>tu</strong></span> <span class='ocrx_word' id='word_1_42' title='bbox 380 1007 489 1051; x_wconf 84' lang='lat' dir='ltr'><strong>comes</strong></span> <span class='ocrx_word' id='word_1_43' title='bbox 511 1008 566 1051; x_wconf 81' lang='lat' dir='ltr'><strong>es:</strong></span> <span class='ocrx_word' id='word_1_44' title='bbox 590 998 625 1050; x_wconf 92' lang='lat' dir='ltr'><strong>tu</strong></span> <span class='ocrx_word' id='word_1_45' title='bbox 647 1007 707 1050; x_wconf 87' lang='lat' dir='ltr'><strong>nos</strong></span> <span class='ocrx_word' id='word_1_46' title='bbox 731 986 860 1050; x_wconf 86' lang='lat' dir='ltr'><strong>abducis</strong></span> <span class='ocrx_word' id='word_1_47' title='bbox 883 987 923 1048; x_wconf 86' lang='lat' dir='ltr'><strong>ab</strong></span> <span class='ocrx_word' id='word_1_48' title='bbox 945 986 1034 1049; x_wconf 88' lang='lat' dir='ltr'><strong>Istro</strong></span> 
     </span>
     <span class='ocr_line' id='line_1_8' title="bbox 202 1087 1266 1174; baseline -0.006 -18"><span class='ocrx_word' id='word_1_49' title='bbox 202 1092 242 1156; x_wconf 86' lang='lat' dir='ltr'><strong>In</strong></span> <span class='ocrx_word' id='word_1_50' title='bbox 264 1089 432 1174; x_wconf 90' lang='lat' dir='ltr'><strong>medioque</strong></span> <span class='ocrx_word' id='word_1_51' title='bbox 455 1087 530 1152; x_wconf 92' lang='lat' dir='ltr'><strong>mihi</strong></span> <span class='ocrx_word' id='word_1_52' title='bbox 552 1091 607 1152; x_wconf 89' lang='lat' dir='ltr'><strong>das</strong></span> <span class='ocrx_word' id='word_1_53' title='bbox 629 1088 789 1152; x_wconf 87' lang='lat' dir='ltr'><strong>Helicone</strong></span> <span class='ocrx_word' id='word_1_54' title='bbox 811 1088 932 1154; x_wconf 80' lang='lat' dir='ltr'><strong>locum.</strong></span> <span class='ocrx_word' id='word_1_55' title='bbox 1205 1089 1266 1151; x_wconf 77' lang='lat' dir='ltr'><strong>tto</strong></span> 
     </span>
     <span class='ocr_line' id='line_1_9' title="bbox 139 1189 972 1275; baseline -0.004 -18"><span class='ocrx_word' id='word_1_56' title='bbox 139 1194 194 1257; x_wconf 89' lang='lat' dir='ltr'><strong>Tu</strong></span> <span class='ocrx_word' id='word_1_57' title='bbox 215 1191 292 1255; x_wconf 93' lang='lat' dir='ltr'><strong>mihi</strong></span> <span class='ocrx_word' id='word_1_58' title='bbox 313 1193 415 1275; x_wconf 86' lang='lat' dir='ltr'><strong>(quod</strong></span> <span class='ocrx_word' id='word_1_59' title='bbox 435 1192 579 1270; x_wconf 88' lang='lat' dir='ltr'><strong>rarum,)</strong></span> <span class='ocrx_word' id='word_1_60' title='bbox 603 1189 680 1254; x_wconf 83' lang='lat' dir='ltr'><strong>vivo</strong></span> <span class='ocrx_word' id='word_1_61' title='bbox 704 1190 835 1254; x_wconf 89' lang='lat' dir='ltr'><strong>sublime</strong></span> <span class='ocrx_word' id='word_1_62' title='bbox 859 1189 972 1254; x_wconf 91' lang='lat' dir='ltr'><strong>dedisti</strong></span> 
     </span>
     <span class='ocr_line' id='line_1_10' title="bbox 202 1291 1043 1376; baseline -0.005 -17"><span class='ocrx_word' id='word_1_63' title='bbox 202 1295 347 1368; x_wconf 89' lang='lat' dir='ltr'><strong>Nomen,</strong></span> <span class='ocrx_word' id='word_1_64' title='bbox 373 1295 412 1356; x_wconf 89' lang='lat' dir='ltr'><strong>ab</strong></span> <span class='ocrx_word' id='word_1_65' title='bbox 435 1291 595 1376; x_wconf 79' lang='lat' dir='ltr'><strong>exsequiis</strong></span> <span class='ocrx_word' id='word_1_66' title='bbox 618 1294 707 1376; x_wconf 89' lang='lat' dir='ltr'><strong>quod</strong></span> <span class='ocrx_word' id='word_1_67' title='bbox 729 1295 804 1356; x_wconf 83' lang='lat' dir='ltr'><strong>dere</strong></span> <span class='ocrx_word' id='word_1_68' title='bbox 826 1293 925 1358; x_wconf 89' lang='lat' dir='ltr'><strong>Fama</strong></span> <span class='ocrx_word' id='word_1_69' title='bbox 948 1293 1043 1358; x_wconf 84' lang='lat' dir='ltr'><strong>solet.</strong></span> 
     </span>
     <span class='ocr_line' id='line_1_11' title="bbox 138 1394 974 1480; baseline -0.004 -19"><span class='ocrx_word' id='word_1_70' title='bbox 138 1397 231 1472; x_wconf 87' lang='lat' dir='ltr'>Nee,</span> <span class='ocrx_word' id='word_1_71' title='bbox 256 1395 311 1480; x_wconf 91' lang='lat' dir='ltr'><strong>qui</strong></span> <span class='ocrx_word' id='word_1_72' title='bbox 333 1398 489 1460; x_wconf 85' lang='lat' dir='ltr'><strong>detrectat</strong></span> <span class='ocrx_word' id='word_1_73' title='bbox 510 1394 709 1474; x_wconf 84' lang='lat' dir='ltr'><strong>praeseutia,</strong></span> <span class='ocrx_word' id='word_1_74' title='bbox 735 1395 842 1459; x_wconf 84' lang='lat' dir='ltr'><strong>Livor</strong></span> <span class='ocrx_word' id='word_1_75' title='bbox 863 1394 974 1480; x_wconf 89' lang='lat' dir='ltr'><strong>iniquo</strong></span> 
     </span>
     <span class='ocr_line' id='line_1_12' title="bbox 203 1497 944 1580; baseline -0.005 -16"><span class='ocrx_word' id='word_1_76' title='bbox 203 1499 312 1564; x_wconf 91' lang='lat' dir='ltr'><strong>Ullum</strong></span> <span class='ocrx_word' id='word_1_77' title='bbox 334 1499 373 1561; x_wconf 88' lang='lat' dir='ltr'><strong>de</strong></span> <span class='ocrx_word' id='word_1_78' title='bbox 395 1497 515 1563; x_wconf 86' lang='lat' dir='ltr'><strong>nostris</strong></span> <span class='ocrx_word' id='word_1_79' title='bbox 537 1499 631 1560; x_wconf 87' lang='lat' dir='ltr'><strong>dente</strong></span> <span class='ocrx_word' id='word_1_80' title='bbox 654 1497 826 1560; x_wconf 74' lang='lat' dir='ltr'><strong>momordit</strong></span> <span class='ocrx_word' id='word_1_81' title='bbox 849 1517 944 1580; x_wconf 88' lang='lat' dir='ltr'><strong>opus.</strong></span> 
     </span>
     <span class='ocr_line' id='line_1_13' title="bbox 138 1599 1263 1683; baseline -0.002 -17"><span class='ocrx_word' id='word_1_82' title='bbox 138 1601 222 1666; x_wconf 84' lang='lat' dir='ltr'><strong>Nam</strong></span> <span class='ocrx_word' id='word_1_83' title='bbox 245 1599 377 1663; x_wconf 88' lang='lat' dir='ltr'><strong>tulerint</strong></span> <span class='ocrx_word' id='word_1_84' title='bbox 398 1618 531 1682; x_wconf 80' lang='lat' dir='ltr'><strong>magnos</strong></span> <span class='ocrx_word' id='word_1_85' title='bbox 554 1618 651 1682; x_wconf 90' lang='lat' dir='ltr'><strong>quom</strong></span> <span class='ocrx_word' id='word_1_86' title='bbox 674 1600 780 1662; x_wconf 86' lang='lat' dir='ltr'><strong>secula</strong></span> <span class='ocrx_word' id='word_1_87' title='bbox 803 1610 911 1663; x_wconf 84' lang='lat' dir='ltr'><strong>nostra</strong></span> <span class='ocrx_word' id='word_1_88' title='bbox 934 1602 1069 1683; x_wconf 88' lang='lat' dir='ltr'><strong>po&#39;e&#39;tas,</strong></span> <span class='ocrx_word' id='word_1_89' title='bbox 1204 1602 1263 1664; x_wconf 76' lang='lat'><strong>125</strong></span> 
     </span>
     <span class='ocr_line' id='line_1_14' title="bbox 204 1701 903 1787; baseline 0 -20"><span class='ocrx_word' id='word_1_90' title='bbox 204 1704 282 1768; x_wconf 88' lang='lat' dir='ltr'><strong>Nou</strong></span> <span class='ocrx_word' id='word_1_91' title='bbox 303 1701 364 1766; x_wconf 85' lang='lat' dir='ltr'><strong>luit</strong></span> <span class='ocrx_word' id='word_1_92' title='bbox 384 1701 514 1787; x_wconf 84' lang='lat' dir='ltr'><strong>ingenio</strong></span> <span class='ocrx_word' id='word_1_93' title='bbox 535 1703 635 1766; x_wconf 83' lang='lat' dir='ltr'><strong>Fama</strong></span> <span class='ocrx_word' id='word_1_94' title='bbox 659 1703 795 1786; x_wconf 82' lang='lat' dir='ltr'><strong>maligna</strong></span> <span class='ocrx_word' id='word_1_95' title='bbox 817 1722 903 1767; x_wconf 89' lang='lat' dir='ltr'><strong>meo.</strong></span> 
     </span>
     <span class='ocr_line' id='line_1_15' title="bbox 140 1804 1173 1890; baseline -0.001 -19"><span class='ocrx_word' id='word_1_96' title='bbox 140 1807 315 1888; x_wconf 83' lang='lat' dir='ltr'><strong>Quomque</strong></span> <span class='ocrx_word' id='word_1_97' title='bbox 336 1825 400 1890; x_wconf 87' lang='lat' dir='ltr'><strong>ego</strong></span> <span class='ocrx_word' id='word_1_98' title='bbox 422 1825 619 1887; x_wconf 77' lang='lat' dir='ltr'><strong>praeponam</strong></span> <span class='ocrx_word' id='word_1_99' title='bbox 641 1805 756 1870; x_wconf 89' lang='lat' dir='ltr'><strong>multos</strong></span> <span class='ocrx_word' id='word_1_100' title='bbox 778 1804 871 1883; x_wconf 90' lang='lat' dir='ltr'><strong>mihi,</strong></span> <span class='ocrx_word' id='word_1_101' title='bbox 897 1828 960 1873; x_wconf 88' lang='lat' dir='ltr'><strong>nou</strong></span> <span class='ocrx_word' id='word_1_102' title='bbox 985 1806 1089 1870; x_wconf 89' lang='lat' dir='ltr'><strong>minor</strong></span> <span class='ocrx_word' id='word_1_103' title='bbox 1111 1805 1173 1870; x_wconf 91' lang='lat' dir='ltr'><strong>illis</strong></span> 
     </span>
     <span class='ocr_line' id='line_1_16' title="bbox 203 1905 923 1992; baseline 0 -20"><span class='ocrx_word' id='word_1_104' title='bbox 203 1907 309 1972; x_wconf 89' lang='lat' dir='ltr'><strong>Dicor</strong></span> <span class='ocrx_word' id='word_1_105' title='bbox 330 1917 362 1970; x_wconf 88' lang='lat' dir='ltr'><strong>et</strong></span> <span class='ocrx_word' id='word_1_106' title='bbox 383 1906 415 1969; x_wconf 93' lang='lat' dir='ltr'><strong>in</strong></span> <span class='ocrx_word' id='word_1_107' title='bbox 437 1918 509 1970; x_wconf 89' lang='lat' dir='ltr'><strong>toto</strong></span> <span class='ocrx_word' id='word_1_108' title='bbox 531 1905 689 1990; x_wconf 86' lang='lat' dir='ltr'><strong>plurimus</strong></span> <span class='ocrx_word' id='word_1_109' title='bbox 711 1908 794 1971; x_wconf 87' lang='lat' dir='ltr'><strong>orbe</strong></span> <span class='ocrx_word' id='word_1_110' title='bbox 816 1909 923 1992; x_wconf 86' lang='lat' dir='ltr'><strong>legor.</strong></span> 
     </span>
     <span class='ocr_line' id='line_1_17' title="bbox 140 2008 968 2096; baseline 0.002 -23"><span class='ocrx_word' id='word_1_111' title='bbox 140 2008 176 2074; x_wconf 84' lang='lat' dir='ltr'><strong>si</strong></span> <span class='ocrx_word' id='word_1_112' title='bbox 198 2008 276 2094; x_wconf 89' lang='lat' dir='ltr'><strong>quid</strong></span> <span class='ocrx_word' id='word_1_113' title='bbox 297 2010 416 2076; x_wconf 82' lang='lat' dir='ltr'><strong>habent</strong></span> <span class='ocrx_word' id='word_1_114' title='bbox 435 2008 535 2094; x_wconf 86' lang='lat' dir='ltr'><strong>igitur</strong></span> <span class='ocrx_word' id='word_1_115' title='bbox 557 2019 663 2073; x_wconf 85' lang='lat' dir='ltr'><strong>vatum</strong></span> <span class='ocrx_word' id='word_1_116' title='bbox 686 2010 854 2096; x_wconf 83' lang='lat' dir='ltr'><strong>praesagia</strong></span> <span class='ocrx_word' id='word_1_117' title='bbox 877 2011 968 2089; x_wconf 89' lang='lat' dir='ltr'><strong>veri,</strong></span> 
     </span>
     <span class='ocr_line' id='line_1_18' title="bbox 203 2110 1266 2190; baseline 0 -14"><span class='ocrx_word' id='word_1_118' title='bbox 203 2110 381 2187; x_wconf 89' lang='lat' dir='ltr'><strong>Protinus,</strong></span> <span class='ocrx_word' id='word_1_119' title='bbox 404 2123 439 2175; x_wconf 90' lang='lat' dir='ltr'><strong>ut</strong></span> <span class='ocrx_word' id='word_1_120' title='bbox 460 2110 597 2188; x_wconf 88' lang='lat' dir='ltr'><strong>moriar,</strong></span> <span class='ocrx_word' id='word_1_121' title='bbox 622 2131 689 2173; x_wconf 88' lang='lat' dir='ltr'><strong>non</strong></span> <span class='ocrx_word' id='word_1_122' title='bbox 711 2130 789 2187; x_wconf 88' lang='lat' dir='ltr'><strong>ero,</strong></span> <span class='ocrx_word' id='word_1_123' title='bbox 813 2123 918 2190; x_wconf 86' lang='lat' dir='ltr'><strong>terra,</strong></span> <span class='ocrx_word' id='word_1_124' title='bbox 942 2125 1028 2178; x_wconf 91' lang='lat' dir='ltr'><strong>tuus.</strong></span> <span class='ocrx_word' id='word_1_125' title='bbox 1205 2114 1266 2177; x_wconf 80' lang='lat'><strong>130</strong></span> 
     </span>
     <span class='ocr_line' id='line_1_19' title="bbox 140 2211 1034 2296; baseline 0.003 -20"><span class='ocrx_word' id='word_1_126' title='bbox 140 2211 216 2276; x_wconf 89' lang='lat' dir='ltr'><strong>Sive</strong></span> <span class='ocrx_word' id='word_1_127' title='bbox 238 2213 356 2277; x_wconf 84' lang='lat' dir='ltr'><strong>favore</strong></span> <span class='ocrx_word' id='word_1_128' title='bbox 377 2213 436 2276; x_wconf 92' lang='lat' dir='ltr'><strong>tuli</strong></span> <span class='ocrx_word' id='word_1_129' title='bbox 457 2215 525 2277; x_wconf 87' lang='lat' dir='ltr'><strong>sive</strong></span> <span class='ocrx_word' id='word_1_130' title='bbox 547 2213 630 2276; x_wconf 84' lang='lat' dir='ltr'><strong>hanc</strong></span> <span class='ocrx_word' id='word_1_131' title='bbox 651 2233 714 2296; x_wconf 84' lang='lat' dir='ltr'><strong>ego</strong></span> <span class='ocrx_word' id='word_1_132' title='bbox 737 2213 877 2279; x_wconf 80' lang='lat' dir='ltr'><strong>carmine</strong></span> <span class='ocrx_word' id='word_1_133' title='bbox 899 2215 1034 2294; x_wconf 85' lang='lat' dir='ltr'><strong>lamam,</strong></span> 
     </span>
     <span class='ocr_line' id='line_1_20' title="bbox 204 2312 915 2404; baseline 0.004 -25"><span class='ocrx_word' id='word_1_134' title='bbox 204 2312 281 2379; x_wconf 88' lang='lat' dir='ltr'><strong>Iure</strong></span> <span class='ocrx_word' id='word_1_135' title='bbox 302 2314 361 2377; x_wconf 88' lang='lat' dir='ltr'><strong>tibi</strong></span> <span class='ocrx_word' id='word_1_136' title='bbox 383 2327 511 2399; x_wconf 83' lang='lat' dir='ltr'><strong>grates,</strong></span> <span class='ocrx_word' id='word_1_137' title='bbox 535 2313 668 2380; x_wconf 83' lang='lat' dir='ltr'><strong>candide</strong></span> <span class='ocrx_word' id='word_1_138' title='bbox 690 2317 813 2391; x_wconf 85' lang='lat' dir='ltr'><strong>lector,</strong></span> <span class='ocrx_word' id='word_1_139' title='bbox 839 2338 915 2404; x_wconf 88' lang='lat' dir='ltr'><strong>ago.</strong></span> 
     </span>
    </p>
   </div>
   <div class='ocr_carea' id='block_1_2' title="bbox 139 2494 1267 2765">
    <p class='ocr_par' dir='ltr' id='par_1_2' title="bbox 139 2494 1267 2765">
     <span class='ocr_line' id='line_1_21' title="bbox 213 2494 1265 2560; baseline 0.007 -21"><span class='ocrx_word' id='word_1_140' title='bbox 213 2494 272 2542; x_wconf 81' lang='lat' dir='ltr'><strong>tto.</strong></span> <span class='ocrx_word' id='word_1_141' title='bbox 300 2496 370 2542; x_wconf 73' lang='lat' dir='ltr'><strong>settis</strong></span> <span class='ocrx_word' id='word_1_142' title='bbox 399 2511 453 2542; x_wconf 84' lang='lat' dir='ltr'><strong>eum</strong></span> <span class='ocrx_word' id='word_1_143' title='bbox 478 2497 524 2542; x_wconf 81' lang='lat' dir='ltr'><strong>Ed.</strong></span> <span class='ocrx_word' id='word_1_144' title='bbox 549 2497 623 2543; x_wconf 78' lang='lat' dir='ltr'><strong>Etou.</strong></span> <span class='ocrx_word' id='word_1_145' title='bbox 651 2500 800 2544; x_wconf 76' lang='lat' dir='ltr'><strong>restituimus</strong></span> <span class='ocrx_word' id='word_1_146' title='bbox 824 2512 854 2544; x_wconf 85' lang='lat' dir='ltr'><strong>ex</strong></span> <span class='ocrx_word' id='word_1_147' title='bbox 873 2499 950 2546; x_wconf 86' lang='lat' dir='ltr'><strong>Codd.</strong></span> <span class='ocrx_word' id='word_1_148' title='bbox 969 2500 1020 2546; x_wconf 81' lang='lat' dir='ltr'><strong>lere</strong></span> <span class='ocrx_word' id='word_1_149' title='bbox 1039 2502 1166 2560; x_wconf 77' lang='lat' dir='ltr'><strong>omnibus3</strong></span> <span class='ocrx_word' id='word_1_150' title='bbox 1197 2505 1265 2548; x_wconf 75' lang='lat' dir='ltr'><strong>estus</strong></span> 
     </span>
     <span class='ocr_line' id='line_1_22' title="bbox 139 2567 1264 2626; baseline 0.004 -14"><span class='ocrx_word' id='word_1_151' title='bbox 139 2579 214 2625; x_wconf 78' lang='lat' dir='ltr'><strong>quum</strong></span> <span class='ocrx_word' id='word_1_152' title='bbox 232 2571 344 2622; x_wconf 80' lang='lat' dir='ltr'><strong>corrupte</strong></span> <span class='ocrx_word' id='word_1_153' title='bbox 362 2567 484 2626; x_wconf 73' lang='lat' dir='ltr'><strong>legeretur</strong></span> <span class='ocrx_word' id='word_1_154' title='bbox 502 2569 527 2612; x_wconf 86' lang='lat' dir='ltr'><strong>io</strong></span> <span class='ocrx_word' id='word_1_155' title='bbox 542 2567 603 2613; x_wconf 82' lang='lat' dir='ltr'><strong>cod.</strong></span> <span class='ocrx_word' id='word_1_156' title='bbox 624 2569 686 2624; x_wconf 77' lang='lat' dir='ltr'><strong>apud</strong></span> <span class='ocrx_word' id='word_1_157' title='bbox 705 2570 822 2622; x_wconf 84' lang='lat' dir='ltr'><strong>eundem,</strong></span> <span class='ocrx_word' id='word_1_158' title='bbox 851 2576 1027 2616; x_wconf 81' lang='lat' dir='ltr'><strong>correxerunt:</strong></span> <span class='ocrx_word' id='word_1_159' title='bbox 1056 2572 1132 2617; x_wconf 82' lang='lat' dir='ltr'><strong>molis</strong></span> <span class='ocrx_word' id='word_1_160' title='bbox 1153 2571 1214 2617; x_wconf 85' lang='lat' dir='ltr'><strong>Cod.</strong></span> <span class='ocrx_word' id='word_1_161' title='bbox 1240 2569 1264 2617; x_wconf 90' lang='grc'><strong>1.</strong></span> 
     </span>
     <span class='ocr_line' id='line_1_23' title="bbox 139 2635 1267 2695; baseline 0.004 -15"><span class='ocrx_word' id='word_1_162' title='bbox 139 2635 246 2680; x_wconf 74' lang='lat' dir='ltr'><strong>mettin</strong></span> <span class='ocrx_word' id='word_1_163' title='bbox 267 2637 376 2694; x_wconf 69' lang='lat' dir='ltr'><strong>margin·</strong></span> <span class='ocrx_word' id='word_1_164' title='bbox 394 2637 510 2691; x_wconf 79' lang='lat' dir='ltr'><strong>alterius,</strong></span> <span class='ocrx_word' id='word_1_165' title='bbox 530 2639 592 2695; x_wconf 80' lang='lat' dir='ltr'><strong>quod</strong></span> <span class='ocrx_word' id='word_1_166' title='bbox 611 2638 705 2693; x_wconf 78' lang='lat' dir='ltr'><strong>recepit</strong></span> <span class='ocrx_word' id='word_1_167' title='bbox 723 2639 806 2683; x_wconf 82' lang='lat' dir='ltr'><strong>Heius.</strong></span> <span class='ocrx_word' id='word_1_168' title='bbox 827 2639 910 2684; x_wconf 86' lang='lat' dir='ltr'><strong>Burm.</strong></span> <span class='ocrx_word' id='word_1_169' title='bbox 977 2638 1034 2685; x_wconf 77' lang='lat'>119.</span> <span class='ocrx_word' id='word_1_170' title='bbox 1065 2641 1127 2688; x_wconf 83' lang='lat' dir='ltr'><strong>Tres</strong></span> <span class='ocrx_word' id='word_1_171' title='bbox 1145 2653 1184 2685; x_wconf 85' lang='lat' dir='ltr'><strong>ms</strong></span> <span class='ocrx_word' id='word_1_172' title='bbox 1208 2639 1267 2689; x_wconf 81' lang='lat' dir='ltr'><strong>sub-</strong></span> 
     </span>
     <span class='ocr_line' id='line_1_24' title="bbox 139 2703 849 2765; baseline 0.003 -15"><span class='ocrx_word' id='word_1_173' title='bbox 139 2703 229 2760; x_wconf 75' lang='lat' dir='ltr'><strong>ducis,</strong></span> <span class='ocrx_word' id='word_1_174' title='bbox 249 2706 348 2750; x_wconf 84' lang='lat' dir='ltr'><strong>totidem</strong></span> <span class='ocrx_word' id='word_1_175' title='bbox 367 2718 406 2750; x_wconf 79' lang='lat' dir='ltr'><strong>rue</strong></span> <span class='ocrx_word' id='word_1_176' title='bbox 423 2703 542 2760; x_wconf 77' lang='lat' dir='ltr'><strong>deducis,</strong></span> <span class='ocrx_word' id='word_1_177' title='bbox 562 2703 613 2765; x_wconf 84' lang='lat' dir='ltr'><strong>(me</strong></span> <span class='ocrx_word' id='word_1_178' title='bbox 631 2705 732 2752; x_wconf 78' lang='lat' dir='ltr'><strong>seducis</strong></span> <span class='ocrx_word' id='word_1_179' title='bbox 750 2707 849 2759; x_wconf 78' lang='lat' dir='ltr'><strong>Heius.)</strong></span> 
     </span>
    </p>
   </div>
   <div class='ocr_carea' id='block_1_3' title="bbox 0 0 1488 4814">
    <p class='ocr_par' dir='ltr' id='par_1_3' title="bbox 0 0 1488 4814">
     <span class='ocr_line' id='line_1_25' title="bbox 0 0 1488 4814; baseline 0 0"><span class='ocrx_word' id='word_1_180' title='bbox 0 0 1488 4814; x_wconf 95' lang='lat' dir='ltr'><strong> </strong></span> 
     </span>
    </p>
   </div>
  </div>
 </body>
</html>
