2948 4820
370 367 432 432 Ille
455 365 590 432 diductis
610 365 779 434 revolutus
801 365 859 430 alis

371 472 441 535 Ter
462 481 577 556 quater
596 469 740 552 plaudit:
762 467 927 553 taciteque
946 479 1084 554 propter

369 567 538 633 Vertieean
560 568 687 651 lapsus,
710 567 821 652 posito
842 566 1005 633 renidens,
1109 623 1111 628 .

456 671 626 734 Stemmate
648 669 733 735 sidit.

369 790 416 856 At
438 788 531 854 simul
552 809 637 854 vano
660 811 769 854 manus
792 810 867 854 ausa
889 800 980 855 motu

370 891 488 956 Tendit
509 891 542 954 in
564 891 708 969 laurum,
732 891 817 977 fugit
839 903 872 957 et
893 892 1048 958 oaohinno
1071 937 1075 946 -
1284 895 1327 956 lo

369 995 461 1058 Lene
485 1014 638 1058 sueeusso
660 1015 742 1077 puer
763 995 828 1059 ales
849 995 918 1060 elu-

453 1105 558 1160 etatur
578 1094 611 1158 in
634 1096 744 1160 altum.

371 1215 542 1301 Quisquis,
567 1237 588 1281 o
609 1237 744 1301 nequam
765 1237 865 1300 puer,
888 1215 1018 1284 inlioeto

371 1319 429 1383 Me
450 1318 525 1384 ioco
549 1317 648 1394 ludis3
672 1321 761 1405 quod
781 1321 900 1396 habes,
925 1322 1044 1386 habeto
1107 1357 1110 1364 .

371 1422 493 1486 Munus
516 1431 548 1484 et
568 1439 678 1485 serva·
722 1423 843 1486 Tamen
865 1423 926 1486 ista
945 1444 1105 1508 nunquam
1139 1465 1146 1477 ·
1284 1425 1326 1489 15

457 1523 548 1587 Serta
569 1521 682 1604 petivi.

373 1645 451 1710 Non
473 1643 579 1707 minor
600 1655 689 1706 vates
712 1643 785 1707 ideo
807 1625 986 1710 canendus:

375 1745 431 1822 Si,
455 1747 543 1830 qnod
565 1747 731 1809 attondent
752 1745 864 1810 lolium
887 1747 1046 1829 capellae,

302 1841 305 1846 ’
375 1848 452 1912 Vile
476 1858 694 1923 contemnam,
718 1869 776 1911 nee
798 1847 910 1911 amiota
932 1848 1050 1914 circum

457 1950 623 2032 Tempora
646 1961 781 2033 gestem.
1284 1953 1327 2017 20

281 2220 347 2284 XI.
384 2201 544 2287 Pou'TA
566 2220 745 2286 APERIT
768 2219 929 2286 MUSAE
952 2220 1250 2289 DESIDERIUM

207 2341 420 2408 ADEUNDI
443 2339 920 2418 HIPP-osco-cssunutt,
953 2343 1156 2410 FONTEM
1179 2344 1326 2409 VETE-

559 2464 666 2528 uum
688 2440 970 2527 rodentium,

584 2603 771 2686 Repuleam
792 2601 941 2685 patitur.
972 2635 977 2643 ·

705 2722 825 2795 soiius.

375 2845 505 2912 Sincera
527 2847 625 2912 sime
648 2845 843 2914 Castalidum
866 2850 938 2912 data

375 2948 471 3013 Fides
492 2949 596 3032 priori
616 2950 755 3014 restituit
776 2951 871 3028 loco,

460 3051 592 3126 Amoris
615 3073 752 3117 exorare
774 3054 891 3140 pignus

542 3153 628 3218 Pace
650 3166 703 3220 tua
724 3155 835 3234 liceat,
860 3156 986 3248 Thalia.

701 3283 831 3330 TfllLtn.

377 3383 576 3470 Quamquam
599 3385 650 3448 bis
674 3385 818 3470 geminos
839 3407 936 3452 servo
959 3385 1122 3460 biverticis
1307 3395 1327 3455 5

376 3487 530 3551 Parnassi
550 3488 722 3571 scopulos,
745 3501 920 3571 propterea
942 3490 1019 3554 mihi

462 3590 537 3654 Non
561 3603 608 3654 est
629 3590 737 3676 lingua
759 3590 879 3655 bisulca
1042 3667 1044 3672 ,

545 3693 616 3755 Neo
638 3714 726 3756 mens
748 3704 802 3755 aut
824 3693 945 3759 animus
968 3696 1099 3780 duplex.

706 3817 825 3887 rodun.

383 3937 413 4002 0
436 3958 516 4022 ergo
538 3938 676 4018 fontem,
702 3963 796 4025 quem
819 3952 910 4022 pater
932 3941 1054 4006 Ennius

380 4041 424 4104 Et
446 4041 607 4104 tussientis
627 4044 737 4124 pulmo
762 4043 913 4120 Laberii,
1132 4111 1136 4118 ,
1286 4048 1329 4110 to

467 4144 568 4223 Quem
592 4167 668 4208 cana
690 4145 805 4211 libauit
826 4148 1000 4224 Vetustas,

548 4245 657 4331 Virgo
681 4247 755 4311 mihi
778 4269 938 4332 generosa
960 4261 1113 4334 monstra.
