2946 4816
214 363 301 428 Cura
324 366 518 446 sophorum,
544 371 639 446 porta
663 363 732 448 quis
755 364 833 429 caeli
850 377 970 450 patet,··
1038 427 1040 434 ,

212 467 277 529 Vel
301 455 382 550 quae
404 466 497 548 periti
516 467 689 536 ,eorididere
713 468 867 545 carissimi,

202 567 280 636 ‚vet
303 590 384 651 quae
407 568 520 632 solutis
546 569 677 632 vocibus
701 582 772 632 suut
794 570 898 645 edita,

214 671 354 732 Meliora
380 673 499 748 reddis,
524 693 617 754 quana
641 671 778 754 legendo
800 695 992 756 sumpseras.

213 776 276 834 Sed
298 771 357 834 ista
381 794 502 854 parva:
527 785 560 835 tu
584 774 653 854 pius
678 796 789 836 moves
813 786 843 836 te
866 777 965 838 saeris
1056 782 1061 791 '

214 873 354 948 Telestis,
378 885 504 956 reperta
529 875 640 936 mentis
664 896 780 938 arcano
805 877 941 957 premis,
1007 889 1033 913 ·’
1088 883 1127 918 ³·

212 975 396 1058 Divumque
419 998 533 1038 numen
558 977 724 1058 multiplex¹
743 980 857 1041 doetus
880 979 986 1054 eolis,

213 1079 338 1141 Sosiam
361 1077 496 1162 benigne
518 1078 686 1162 coniugem
710 1092 838 1142 nectens
861 1083 959 1144 saeris
1065 1151 1066 1156 η

80 1183 83 1186 ’
117 1211 119 1215 ·
212 1180 384 1242 Hominum
407 1181 596 1265 Deumque,
621 1181 780 1246 consciam
804 1204 841 1245 ae
863 1185 955 1245 lislam
980 1185 1048 1247 tibi.

213 1283 298 1360 Quid
322 1305 404 1344 nilne
425 1284 569 1346 honores
591 1294 644 1345 aut
667 1294 842 1364 potestates
865 1286 998 1369 loquar,

213 1385 450 1468 Hominumque
472 1385 556 1448 votis
580 1386 715 1468 adpetita
740 1387 877 1470 gaudia?

213 1488 304 1565 Quae
328 1498 361 1550 tu
384 1489 499 1548 caduca
523 1509 560 1549 ae
583 1509 682 1568 parva
707 1509 833 1571 semper
855 1500 1038 1566 autumans,
1065 1483 1068 1492 ¹

210 1589 329 1652 Dirtlm
351 1575 501 1653 sacerdos
523 1589 629 1652 infulis
652 1589 754 1652 celsus
777 1591 876 1653 clues.
985 1584 988 1590 ’

212 1694 265 1754 Tu
288 1712 355 1766 me,
381 1691 510 1767 marito,
534 1691 770 1772 'disciplinarum
788 1694 881 1778 ¹bono

210 1795 336 1857 Puram·
352 1815 388 1855 ae
409 1793 554 1875 pudicam
577 1806 666 1856 sorte
690 1794 801 1856 mortis
817 1791 983 1872 eximens,

211 1895 250 1957 Iu
274 1896 388 1975 templa
413 1895 500 1958 ducis
522 1917 559 1957 ao
580 1892 728 1958 saruulam
752 1895 832 1958 divis
855 1896 955 1960 dicas.

211 1999 260 2058 Te
283 2008 378 2072 teste,
404 1997 523 2059 cernetis
546 1995 672 2060 imbuor
695 1997 867 2076 mysteriis,

212 2103 264 2163 Tu
286 2098 502 2178 Dindymenes
525 2099 705 2180 Atteosque
728 2093 898 2162 antistitem

210 2200 331 2262 Teletis
354 2196 494 2262 honoras
517 2200 633 2262 taureis
656 2200 907 2282 consorstius3

210 2307 348 2366 Hecates
371 2299 543 2368 ministram
566 2301 647 2363 trina
670 2314 796 2364 secreta
815 2307 954 2381 edoces,
1007 2329 1012 2384 j
1052 2305 1055 2313 '

210 2403 403 2487 Cererisque
427 2404 550 2466 Graiae.
567 2413 602 2465 tu
624 2403 724 2467 saeris
746 2403 873 2488 dignam
898 2427 1008 2489 parass

210 2511 260 2569 'l'e
281 2517 418 2588 propter
440 2525 550 2570 omnes
573 2525 621 2566 me
645 2507 795 2580 beatam,
814 2523 871 2569 me¹
885 2509 976 2591 piam.

210 2609 403 2682 Celebrant,
428 2610 514 2694 quod
537 2607 604 2688 ipse
628 2628 677 2668 me
691 2600 815 2671 ²lionnru
839 2610 1022 2676 disseminas

210 2714 328 2774 Totum
350 2703 410 2792 per
434 2712 565 2773 orbem:
589 2709 700 2792 ignota
723 2731 843 2774 noseor
866 2715 1029 2793 omnibus,

207 2816 290 2876 Nam
313 2825 344 2874 te
359 2811 481 2874 ‘marito
505 2811 554 2873 cui
575 2814 704 2892 plaeere
727 2831 789 2874 uon
813 2815 952 2896 queam?
976 2814 979 2826 ’

208 2916 365 2995 Exempla
380 2915 498 2976 -de'uie
521 2914 679 2977 Romulae
703 2928 817 2976 matres
839 2929 974 2996 petunt·;
1028 2965 1031 2972 .
1082 2949 1120 2956 -·

209 3019 424 3100 subolemque
446 3015 628 3096 pulchram,
653 3015 679 3102 si
702 3028 774 3078 tuae
797 3007 925 3094 similis,
951 3027 1086 3101 putant,

209 3115 331 3200 Optant
351 3122 660 3202 probantque'uuue
684 3117 763 3192 riri,
790 3140 874 3181 naue
895 3121 1051 3199 feminae.¹

209 3224 299 3300 Quae
322 3235 355 3283 tu
378 3219 528 3304 magister
549 3217 688 3281 indidisti
709 3219 860 3302 iusignia,

206 3325 269 3388 His
292 3345 375 3386 mum
398 3320 550 3403 ademptis
574 3333 689 3382 maesta
713 3323 853 3385 coniunx
876 3344 1034 3389 maceror.

205 3425 319 3500 Felix,
346 3424 488 3486 maritum
512 3423 537 3486 si
561 3422 763 3510 superstitem
787 3424 861 3485 mihi
958 3437 961 3444 “

205 3527 282 3590 Divi
305 3526 461 3594 dedissent
480 3547 498 3587 ι
514 3527 569 3587 sed
592 3535 694 3586 temen
715 3523 815 3600 felia,
840 3537 893 3589 tua
1023 3609 1025 3616 y

206 3629 290 3710 Quia
312 3649 379 3690 sum
402 3626 512 3710 suique
534 3636 673 3709 postque
696 3638 832 3690 mortem
855 3650 931 3692 rnox
954 3651 1026 3694 ero.
1093 3651 1097 3658 ’
1127 3655 1130 3664 ’

191 3839 244 3884 cu.
283 3834 325 3885 30.
359 3833 509 3886 Ιῖιιιιιιιιιιιιιι
533 3843 557 3884 et
582 3837 687 3894 reliqui:
721 3843 748 3882 tu
768 3837 830 3894 ptus
853 3853 935 3886 mores
959 3846 981 3886 te
1009 3843 1103 3889 saorla.
1143 3847 1237 3908 Hagru-

120 3909 222 3954 lturbius
243 3913 265 3951 te
290 3907 394 3953 delebat.
451 3909 504 3966 Ego
535 3921 579 3962 pro
605 3907 666 3962 plus
696 3909 841 3963 scripseram
868 3912 994 3966 aliquando
1020 3914 1098 3969 plue,
1138 3917 1160 3960 id
1186 3923 1239 3978 est,

119 3981 211 4022 maiore
239 3974 416 4024 etiamsolum
450 3976 572 4030 mysteriis
602 3989 673 4032 quatu
696 3977 876 4033 plutpsopluas,
904 3982 1015 4025 attendis.
1065 3981 1169 4030 ,Morere
1193 3991 1242 4030 tre-

118 4048 227 4104 quentari
253 4047 281 4088 ds
301 4047 421 4098 mysteriis
441 4052 511 4104 atque
538 4045 613 4104 orgiis
639 4039 789 4091 notissimum
809 4052 854 4090 est.
902 4047 968 4092 llu'nc
997 4065 1050 4094 eum
1073 4054 1168 4098 Meiere
1187 4069 1250 4099 ιιιεο·

117 4118 200 4160 lunatim
231 4115 320 4158 elidere
344 4115 452 4159 ‘literanu
471 4115 534 4160 rin
559 4114 676 4158 vocabulo
698 4115 768 4175 pius.
815 4113 859 4164 50.
886 4117 927 4162 cut
949 4120 1053 4177 placere
1081 4125 1239 4171 selrraderus.

119 4183 161 4231 ⁵2.
182 4185 206 4228 si
216 4180 281 4244 suut
299 4183 393 4229 similis
411 4184 520 4230 Gusseus
538 4185 561 4229 in
581 4188 677 4228 Auuott.
