2952 4826
127 371 271 446 Nubila,
294 369 360 445 sol,
383 365 518 443 imbres,
540 365 613 440 nix,
637 362 760 439 ventei,
782 362 936 438 fulmina,
960 367 1085 448 grando

127 473 173 538 Et
188 471 321 557 .rapidei
339 470 485 535 fremitus
505 480 537 534 et
557 481 717 530 murmura
736 487 851 550 magna
873 466 1040 530 minarum.

196 579 226 640 Ο
245 595 345 660 genus
363 571 477 636 infelix
496 573 682 635 hunuanuml
705 567 780 632 talia
805 567 888 632 divis

131 681 238 761 Quom
259 675 372 740 tribuit
390 675 474 738 lacta
499 685 592 758 atque
615 673 679 736 iras
701 670 845 736 adiunxit
867 673 1018 735 acerbas:

131 784 276 863 Quantos
297 790 362 842 tum
382 775 519 862 gemitus
540 774 621 858 ipsei
643 773 706 840 sibi
726 785 907 860 quantaque
928 772 1022 838 nobis
1166 779 1245 844 1195

130 884 293 958 Volnera,
317 903 395 966 quas
417 880 574 943 lacrumas
595 898 751 960 peperere
773 876 943 941 minoribu’
965 878 1102 944 nostris!

193 989 264 1050 Nec
286 985 387 1068 pietas
408 984 502 1046 ullast
523 982 660 1046 velatum
681 1001 774 1062 saepe
796 978 901 1042 videri

128 1088 268 1154 Vortier
290 1091 331 1150 ad
351 1085 487 1169 lapidem
507 1096 601 1168 atque
622 1082 744 1148 omneis
763 1088 917 1148 accedere
936 1087 976 1148 ad
995 1107 1086 1160 aras;

128 1197 201 1256 Nec
220 1193 434 1273 procumbere
455 1186 541 1250 humi
565 1196 761 1268 prostratum
784 1195 815 1249 et
838 1191 978 1268 pandere
997 1187 1118 1270 palmas

129 1293 216 1360 Aule
237 1298 328 1358 debm
348 1294 482 1357 delubra
500 1313 602 1376 neque
625 1311 696 1353 aras
717 1288 869 1372 sanguine
893 1291 991 1354 multo
1166 1293 1247 1355 1200

129 1402 294 1482 Spargere
315 1398 555 1480 quadrupedum
575 1415 635 1456 nec
657 1390 743 1457 votis
764 1402 892 1456 nectere
917 1404 1010 1467 vota;

130 1504 194 1565 Sed
219 1520 309 1582 mage
328 1498 454 1580 placata
476 1519 571 1580 posse
593 1495 700 1560 onmia
725 1504 826 1558 mente
849 1495 945 1559 tueri.

130 1605 231 1677 Nam,
254 1622 351 1686 quom
375 1599 565 1682 suspicimus
583 1596 691 1683 magni
714 1596 861 1662 caelestia
884 1598 989 1662 mundi

131 1704 267 1786 Templa
285 1725 382 1784 super
399 1694 564 1786 stellisque
584 1699 773 1764 micantibus
795 1701 923 1764 aethera
945 1702 1044 1764 lixum

131 1811 175 1870 Et
199 1805 283 1870 venit
306 1806 338 1868 in
361 1815 492 1868 mentem
513 1802 593 1868 solis
618 1804 772 1889 lunaeque
793 1802 930 1880 viarum,
1165 1809 1245 1871 1205

132 1913 225 1972 'l'unc
244 1908 316 1971 aliis
342 1927 495 1989 oppressa
519 1904 607 1968 malis
628 1904 660 1968 iu
682 1917 815 1988 pectore
838 1929 915 1970 cura

132 2012 208 2076 Olla
230 2034 360 2096 quoque
382 2009 645 2094 expergefactum
672 2020 767 2091 caput
788 2008 914 2094 erigere
940 2010 1024 2088 iniit,

132 2117 182 2176 Ne
204 2135 284 2199 quae
307 2113 394 2177 lorte
417 2116 508 2176 deum
530 2113 625 2176 nobis
645 2109 794 2174 immensa
819 2123 961 2194 potestas

131 2215 198 2292 Sit,
223 2214 313 2279 vario
336 2225 425 2278 motu
444 2235 524 2298 quae
545 2213 677 2277 candida
699 2214 805 2279 sidera
825 2226 948 2278 vorset.

131 2322 250 2380 'l'entat
269 2316 350 2380 enim
373 2315 499 2380 dubiam
521 2328 654 2380 mentem
675 2317 810 2382 rationis
832 2329 972 2402 egestas,
1165 2321 1247 2384 1210

132 2422 337 2506 Ecquaenam
358 2419 457 2483 suerit
479 2421 585 2484 mundi
609 2420 755 2506 genitalis
780 2421 897 2506 origo;

131 2525 175 2587 Et
197 2523 307 2597 simul,
330 2543 449 2607 ecquae
472 2523 512 2586 sit
534 2523 623 2599 linis,
645 2527 754 2608 quoad
777 2523 901 2587 moenia
924 2525 1031 2586 mundi

131 2629 175 2690 Et
199 2625 278 2688 tanti
301 2636 405 2690 motus
425 2628 509 2688 hunc
529 2625 653 2708 possint
674 2626 762 2689 ferre
784 2627 948 2690 laborem:

132 2731 201 2804 An,
226 2726 376 2791 divinitus
397 2739 525 2792 aeterna
547 2731 663 2792 donata
685 2729 784 2792 salute

132 2835 297 2914 Perpetuo
320 2830 447 2912 possint
469 2829 540 2893 aevi
563 2830 699 2894 labentia
720 2843 826 2895 tractu

134 2932 282 2997 immensi
304 2932 423 2995 validas
442 2931 512 2996 aevi
532 2944 736 2997 contemnere
757 2935 866 2998 vireis.

196 3039 387 3112 Praeterea,
410 3034 489 3121 quoi
510 3057 575 3098 non
599 3035 720 3099 animus
741 3037 916 3102 formidine
938 3039 1045 3102 divom

133 3258 186 3301 ullu
205 3263 244 3300 eet
261 3257 367 3301 celatum
385 3254 432 3313 (sic
445 3257 473 3301 C.
485 3255 529 3314 E.)
547 3257 637 3302 nu-tt.
655 3257 697 3306 W.
717 3279 751 3292 ·-
768 3259 827 3313 (ulli
841 3260 995 3304 oalntnmeat
1006 3261 1059 3315 W.)
1098 3258 1173 3305 1191.
1194 3275 1248 3306 vor-

131 3328 181 3371 te'sr
199 3327 298 3382 proprio
317 3324 465 3384 significatu,
485 3325 743 3396 περιστρέφεσθαι.
762 3329 814 3373 cn.
829 3331 930 3374 Sueten.
942 3330 991 3373 vn.
1004 3328 1029 3376 2,
1045 3329 1144 3388 primns
1154 3327 1247 3374 &Gne-

132 3409 219 3442 surem
243 3395 348 3440 odorari
372 3401 397 3440 nt
420 3395 494 3440 deum
512 3397 635 3451 instituit,
667 3411 740 3456 quum
761 3423 771 3434 -
789 3423 798 3434 -
816 3411 866 3442 non
884 3399 960 3442 aliter
977 3397 1050 3443 edire
1068 3412 1147 3444 nuans
1165 3405 1246 3452 esest,

131 3480 206 3525 quum
225 3467 306 3522 capito
325 3466 403 3510 veluto
421 3468 662 3526 circutnosrtensqns
680 3481 723 3521 ee,
743 3465 831 3511 deinde
847 3467 1022 3526 procumbens.
1062 3463 1137 3513 1202.
1154 3473 1248 3524 poento

132 3537 163 3580 C.
177 3535 207 3578 L.
219 3535 248 3580 ll.
293 3533 369 3580 120⁶.
386 3543 487 3592 pectore
498 3537 567 3581 Brix.
580 3536 701 3581 Audias.
716 3536 791 3584 norb.
810 3559 842 3570 —
857 3543 962 3594 pectora
977 3537 1037 3581 cdd.
1048 3538 1105 3594 aliq.
1121 3534 1204 3593 (eliam
1218 3538 1247 3581 G.

131 3604 176 3658 E.)
203 3606 265 3650 Ver.
294 3606 356 3652 Vsu.
379 3606 422 3650 W.
447 3607 540 3651 Eicbst.
573 3607 751 3651 constructione
776 3611 801 3650 et
827 3605 1001 3664 significatione
1027 3607 1100 3650 nimis
1127 3610 1247 3650 contorta.

135 3671 213 3718 1201.
231 3672 269 3718 Ne
289 3687 352 3732 qeins
373 3675 449 3724 Codd,
467 3676 528 3720 Edd.
543 3681 600 3720 vett.
618 3677 661 3721 W.
678 3675 818 3730 verissime,
839 3677 862 3720 in
878 3676 1011 3720 huiusmodi
1029 3675 1176 3720 dubitatione
1195 3689 1249 3719 curn

132 3757 222 3804 pavore
232 3744 315 3788 inlata.
328 3743 498 3790 cruentet.
514 3765 544 3780 ·-
563 3743 815 3804 Etpnnst.C.llv.
836 3769 868 3780 -
886 3744 987 3804 Eequco
1002 3745 1041 3790 Pii
1055 3745 1131 3788 Codd.
1142 3745 1248 3792 A.1..tt.

132 3815 227 3860 tttehst.
283 3811 474 3859 1211111212.
500 3815 543 3859 llic
563 3814 648 3858 eontra
669 3815 698 3858 Α.
716 3815 746 3859 L.
764 3816 795 3858 11.
814 3815 906 3860 Eicbst.
929 3820 1025 3859 seculus
1045 3827 1112 3867 sum,
1142 3815 1250 3859 scribens

132 3883 294 3943 Ecqnnenum
305 3908 314 3919 ·
324 3909 333 3918 ·
343 3898 444 3942 ecquae.
457 3885 532 3929 Codd.
541 3884 602 3930 Edd.
611 3889 668 3929 vett.
679 3885 720 3927 W.
734 3881 767 3927 Et
778 3897 900 3942 preconem
913 3910 922 3920 -
936 3907 946 3920 ·
959 3889 1060 3943 siquos.
1100 3881 1144 3928 121
1152 3881 1175 3929 ³.
1188 3885 1252 3929 tenti

133 3957 195 4003 Brit.
211 3953 235 3998 2.
250 3954 295 3998 Aa.
312 3953 341 3997 1..
356 3953 386 4000 11.
407 3977 440 3988 -
462 3953 534 3998 tnct'ts'
549 3954 620 3998 C.E.
640 3955 731 4010 Pleriq.
749 3952 809 3997 Cdd.
828 3954 870 3998 W.
889 3953 981 3998 Eicbst.
1006 3955 1053 3998 Sed
1070 3954 1139 3998 buius
1153 3955 1254 4010 epitheti

133 4026 253 4074 rationem
277 4025 316 4067 vix
341 4024 464 4081 quisquam
482 4028 547 4069 recte
571 4025 691 4080 explicare
711 4024 807 4078 poterit.
847 4023 935 4067 Contra
961 4023 1039 4078 tnntt',
1070 4028 1118 4067 tam
1143 4026 1251 4084 ingentes

133 4099 214 4143 anolus
232 4089 286 4142 τοῦ
304 4087 415 4154 παντὸς
433 4107 476 4148 per
494 4107 519 4140 se
538 4092 711 4152 intelliguntur.
747 4093 821 4137 Peius
834 4094 969 4146 etiamst,
989 4094 1052 4151 quod
1068 4095 1141 4138 Wals.
1153 4096 1250 4138 111111-

133 4165 200 4214 hetin
220 4164 306 4219 placuit
324 4163 356 4208 Et
373 4161 557 4217 testamenta,
577 4165 642 4217 „me
660 4165 736 4222 lenge
755 4162 796 4208 die
813 4159 922 4206 Manem
939 4161 984 4207 des
1006 4161 1135 4208 Waltbnne
1153 4162 1250 4208 atnam

134 4238 176 4284 dio
194 4233 256 4278 Lnat
273 4240 414 4294 nnstrugen
431 4232 496 4278 caeli
521 4233 606 4279 dieses·
629 4245 658 4278 sn
681 4233 766 4276 stillen
791 4229 962 4293 Bewsgung.”
1006 4233 1101 4278 Etenim
1125 4230 1158 4276 Ee
1176 4230 1248 4274 taciti

134 4311 217 4352 motus
236 4318 354 4364 nunquam
372 4306 453 4351 dicere
472 4311 567 4360 poterat
584 4317 627 4360 pro
645 4303 734 4362 „huius
754 4303 903 4362 quantumvis
922 4303 985 4348 taciti
1004 4300 1113 4349 mottls.''
