2952 4826
135 323 333 410 Feminaque
355 333 390 387 ut
413 321 555 388 maribus
574 321 728 408 coniungi
748 322 869 407 possit,
891 325 1012 390 babere

136 429 273 503 Mutua,
296 426 352 512 qni
375 436 504 492 nectant
523 424 608 490 iuter
628 446 662 490 se
686 425 803 510 gaudia
824 437 972 512 uterque.

200 528 371 612 Multaque
387 539 453 592 tum
471 525 630 593 interiisse
653 527 843 592 animantum
866 528 953 592 secla
974 539 1135 594 necessest

136 633 210 698 Nec
229 630 371 713 potuisse
391 632 607 714 propagando
628 633 811 712 procudere
830 629 971 713 prolem.

137 735 222 798 Nam
240 752 484 818 quaequomque
502 729 591 796 vides
611 729 699 794 vesci
719 729 871 794 vitalibus
893 730 996 810 auris,
1194 731 1257 797 855

136 837 207 899 Aut
227 835 319 901 dolus
341 845 395 898 aut
418 833 522 898 virtus
543 844 597 897 aut
622 832 759 918 denique
780 832 941 898 mobilitas
962 843 1013 898 est

136 938 192 1000 Ex
210 935 338 1000 ineunte
356 956 437 1001 aevo
462 956 562 1020 genus
581 934 616 998 id
635 944 736 998 tutata
755 955 937 1000 reservans.

136 1037 310 1123 Multaque
331 1049 418 1114 sunt,
440 1035 539 1102 nobis
556 1058 598 1100 ex
618 1035 753 1100 utilitate
771 1057 827 1100 sua
850 1057 932 1122 quae

136 1140 368 1206 commendata
377 1150 530 1219 manent,
553 1138 670 1202 tutelae
691 1137 809 1200 tradita
829 1150 973 1203 nostrae.

200 1240 392 1324 Principio,
417 1261 517 1326 genus
535 1261 610 1305 acre
628 1239 756 1305 leonum
778 1261 937 1325 saevaque
961 1240 1047 1308 secla
1196 1240 1260 1305 880

137 1346 257 1408 'l'utata
275 1355 323 1407 est
345 1341 463 1417 virtus,
486 1341 612 1424 volpeis
625 1341 728 1406 ‚dolus
748 1353 779 1406 et
796 1342 875 1426 iuga
896 1363 1027 1408 cervos.

137 1448 184 1510 At
205 1445 383 1509 levisomna
406 1465 517 1507 canum
538 1444 606 1507 lido
629 1464 701 1506 cum
723 1455 859 1526 pectore
883 1447 983 1508 corda

136 1549 183 1610 Et
205 1568 305 1631 genus
329 1567 441 1624 omne,
464 1548 553 1632 quod
573 1555 621 1610 est
644 1544 791 1609 veterino
813 1544 932 1610 semine
953 1556 1098 1629 partum,

136 1648 383 1733 Lanigeraeque
405 1646 497 1712 simul
518 1649 657 1730 pecudes
678 1657 710 1710 et
731 1649 850 1711 bucera
874 1648 976 1724 secla,

138 1749 256 1817 Omnia
278 1761 350 1813 sunt
370 1748 534 1814 bominum
553 1749 671 1812 tutelae
693 1747 828 1826 tradita,
852 1749 1003 1814 Memmi.
1195 1749 1261 1814 865

137 1854 222 1915 Nam
246 1851 361 1935 cupide
382 1851 499 1935 fugire
519 1851 606 1915 ieras
627 1872 803 1936 pacemque
822 1863 974 1936 sequutae

138 1955 220 2016 Sunt
240 1965 272 2016 et
293 1953 384 2039 larga
408 1976 466 2018 suo
490 1953 558 2019 sine
579 1954 697 2036 pabula
717 1965 811 2036 parta
831 1953 964 2031 labore,

139 2055 230 2135 Quae
250 2058 359 2118 damus
380 2054 527 2119 utilitatis
548 2077 661 2120 eorum
682 2055 825 2137 praemia
850 2076 973 2120 caussa.

137 2159 200 2232 At,
223 2156 314 2241 queis
336 2156 382 2220 nil
404 2158 520 2222 borum
543 2157 656 2222 tribuit
679 2167 809 2232 natura,
832 2179 936 2243 neque
958 2157 1028 2242 ipsa

138 2261 263 2341 Sponte
284 2281 340 2322 sua
362 2271 494 2340 possent
518 2271 551 2322 ut
574 2259 685 2324 vivere
705 2280 764 2322 nec
787 2261 863 2323 dare
884 2259 981 2325 nobis
1171 2275 1174 2282 ·
1200 2259 1264 2322 870

138 2358 318 2426 Utilitatem
340 2359 495 2446 aliquam,
522 2383 622 2447 quare
645 2373 829 2445 pateremur
852 2382 965 2426 eorum
988 2351 993 2356 ¹

138 2462 309 2528 Praesidio
331 2475 445 2528 nostro
468 2462 557 2546 pasci
580 2485 679 2548 genus
706 2484 836 2549 esseque
857 2473 976 2540 tutum,

136 2563 272 2628 Scilicet
292 2567 372 2629 baec
394 2564 465 2629 aliis
485 2567 623 2648 praedae
645 2565 802 2649 lucroque
819 2564 967 2629 iacebant

137 2665 332 2748 Indupedita
350 2665 415 2730 suis
436 2665 589 2732 fatalibus
608 2665 714 2731 omnia
736 2665 869 2744 vinclis,

137 2769 256 2834 Donec
277 2772 318 2832 ad
336 2767 500 2832 interitum
523 2790 622 2853 genus
642 2768 678 2833 id
697 2769 822 2832 Natura
844 2769 985 2854 redegit.
1200 2771 1263 2835 875

205 2871 269 2935 Sed
290 2893 393 2958 neque
415 2869 591 2937 Centaurei
612 2869 742 2935 fuerunt
763 2892 823 2936 nec
843 2882 989 2956 tempore
1011 2876 1045 2936 in
1067 2873 1134 2939 ullo

137 3119 287 3166 cateruatim
303 3117 412 3165 Ludunt.
450 3115 511 3164 848.
538 3116 696 3176 procudere,
718 3121 822 3177 qnodr.
843 3115 903 3164 854.
923 3121 1031 3165 estsine
1051 3122 1264 3166 controversistae

137 3195 238 3246 propter
255 3191 301 3234 boe
319 3191 412 3245 ipsum,
434 3193 459 3232 ut
476 3189 623 3234 devitaretur
642 3190 722 3244 inepta
741 3194 765 3234 et
777 3190 886 3246 quaesita
897 3189 1016 3245 varietas,
1036 3183 1075 3234 bie
1087 3203 1181 3248 quoque
1194 3204 1263 3245 prae-

136 3259 263 3306 ferendum
273 3265 333 3314 erat,
347 3259 435 3303 babent
444 3255 571 3306 88411..
581 3259 611 3304 ll.
621 3281 654 3294 —
656 3257 826 3316 praecludere
836 3258 865 3307 C,
874 3259 904 3304 Ε.
913 3283 946 3294 -
953 3258 1094 3316 producere
1101 3259 1170 3305 Brix.
1180 3260 1225 3308 At.
1232 3261 1263 3304 P.

137 3331 181 3374 W.
194 3329 223 3374 F.
261 3325 322 3376 850.
341 3328 455 3382 semina,
474 3341 537 3386 quoe
552 3327 583 3374 E.
597 3342 675 3374 aser.
689 3343 722 3372 m.
737 3329 782 3373 dv.
792 3329 822 3372 P.
834 3329 908 3372 Walt.
930 3351 962 3362 -·
980 3342 1029 3388 qua
1043 3329 1072 3374 C.
1091 3329 1120 3372 Ε.
1139 3343 1206 3384 apr.
1229 3344 1264 3374 tn.

136 3398 199 3444 Ε88.
210 3403 268 3444 vett.
279 3399 310 3444 Α.
321 3398 351 3442 L.
364 3398 394 3444 11.
432 3394 496 3442 852.
506 3395 558 3456 qni]
572 3401 605 3442 its
614 3398 730 3444 meliores
742 3398 831 3453 codd„
846 3397 955 3442 etiamn.
968 3397 999 3444 E.
1010 3398 1071 3443 Ε88.
1080 3403 1138 3443 vett.
1150 3421 1183 3431 -
1193 3399 1265 3457 queis

138 3467 215 3513 Codd.
233 3465 258 3515 3.
275 3468 320 3512 Av.
336 3468 395 3512 illud
411 3468 522 3522 praetuli.
568 3467 605 3511 lb.
631 3473 738 3512 metuerat
759 3469 836 3514 Codd.
858 3466 882 3513 7.
902 3467 932 3512 Ε.
956 3467 1001 3511 Ε8.
1022 3473 1080 3512 vett.
1101 3473 1213 3511 metuunt
1230 3463 1263 3515 Δ.

139 3535 302 3584 aestuantH.
326 3541 439 3582 mutuent
454 3536 483 3581 C.
511 3541 609 3581 nectent
621 3537 666 3581 Aa.
677 3537 707 3580 P.
732 3542 834 3583 nectant
845 3537 876 3581 Α.
889 3537 919 3581 L.
932 3536 1065 3581 ll.Eicbst.
1086 3541 1207 3579 ructarent
1220 3537 1262 3580 W.

138 3607 202 3654 coni.
223 3609 324 3664 ideoque
336 3612 360 3650 et
374 3619 397 3650 v.
412 3606 568 3661 praecedente
583 3611 667 3650 contra
684 3607 761 3653 eote.
779 3607 878 3662 scripsit
888 3611 986 3664 posset.
1025 3605 1061 3650 lb.
1079 3610 1181 3663 uterque
1195 3605 1264 3649 Libri

138 3689 233 3724 omnes.
248 3675 309 3720 Edu.
324 3681 382 3720 vett.
396 3676 426 3720 Α.
446 3676 558 3733 utrisque
573 3675 603 3719 L.
615 3675 647 3719 11.
696 3673 755 3721 857.
775 3678 911 3722 construo:
931 3675 1073 3731 „mobilitas
1093 3678 1130 3718 est
1148 3678 1222 3718 tutata
1241 3677 1265 3718 id

137 3759 229 3804 genus,
250 3746 313 3790 idem
330 3757 474 3798 reservans,
494 3746 526 3788 ita
545 3749 571 3788 ut
588 3745 652 3790 idern
671 3747 851 3790 conservaret.’'
888 3744 948 3790 881.
963 3741 991 3790 'et
1000 3744 1032 3790 Ε.
1043 3757 1116 3788 asse.
1128 3757 1161 3788 m.
1173 3744 1263 3792 tta-tt.

137 3829 154 3858 u
164 3810 237 3874 suga
252 3815 283 3859 Ε.
294 3827 355 3869 apr.
367 3827 401 3859 m.
421 3813 471 3860 Neo
487 3819 564 3859 tamen
581 3819 679 3869 propter
696 3829 763 3872 seqq.
783 3815 815 3860 Aa
826 3815 964 3859 levisomna
979 3815 1004 3858 b.
1020 3815 1037 3858 1.
1056 3811 1163 3858 scribere
1179 3827 1265 3869 possu-

138 3897 191 3928 mus
208 3890 244 3932 nt.
266 3905 295 3916 -··
316 3883 452 3928 aemma.
466 3884 508 3928 W.
556 3879 615 3928 86⁶.
635 3889 721 3928 secuta
739 3884 769 3928 L.
786 3886 866 3929 Bentl.
885 3895 888 3902 ’
913 3880 972 3928 872.
992 3884 1056 3928 Male
1076 3882 1099 3926 in
1118 3882 1179 3928 Eud.
1198 3886 1264 3942 vulg.
1366 3925 1369 3932 Δ

138 3954 212 3999 stiam
224 3955 248 3998 in
260 3953 362 4012 Forbig.
376 3952 473 4008 ponitur
486 3953 581 4011 signum
594 3953 712 4011 interrog.
728 3959 783 4008 post
793 3967 817 3997 v.
831 3959 920 3998 tutum.
951 3952 1002 3996 llus
1020 3953 1074 3999 scil.
1095 3958 1135 3999 est.
1150 3954 1265 4009 periodus

136 4021 183 4077 At,
202 4023 274 4082 queis
294 4049 303 4058 ·
322 4047 331 4058 ·
351 4047 361 4058 ·
378 4020 479 4068 Natura
496 4021 611 4081 redegit:
630 4027 654 4068 el
672 4036 749 4080 quare
768 4037 815 4066 non
835 4027 872 4068 esl
890 4022 974 4076 partie.
995 4022 1130 4080 interrog..
1150 4026 1193 4068 sed
1208 4037 1264 4068 cau-

139 4093 214 4147 salis,
241 4106 334 4149 „quam
353 4091 384 4136 ol)
403 4104 514 4146 eausam,
535 4097 633 4147 propter
652 4105 723 4149 quam
741 4092 894 4138 utititatsme·
947 4088 1007 4136 876.
1020 4088 1131 4150 suerunt
1149 4093 1172 4146 (s
1185 4092 1263 4143 brevi)

139 4162 200 4212 Cdd.
214 4162 302 4220 pleriq.
330 4162 425 4220 Vulgo,
451 4160 524 4206 etiam
545 4161 638 4206 Eicbst.
659 4161 736 4206 Forb.
766 4183 793 4196 -
816 4158 927 4220 suerunt
950 4160 1024 4211 (1.1).
1038 4158 1100 4206 Ε88.
1115 4167 1173 4206 vett.
1187 4161 1261 4204 Walt.
