<?xml version="1.0" encoding="UTF-8"?>
<!DOCTYPE html PUBLIC "-//W3C//DTD XHTML 1.0 Transitional//EN"
    "http://www.w3.org/TR/xhtml1/DTD/xhtml1-transitional.dtd">
<html xmlns="http://www.w3.org/1999/xhtml" xml:lang="en" lang="en">
 <head>
  <title>
</title>
<meta http-equiv="Content-Type" content="text/html;charset=utf-8" />
  <meta name='ocr-system' content='tesseract 3.04.00' />
  <meta name='ocr-capabilities' content='ocr_page ocr_carea ocr_par ocr_line ocrx_word'/>
</head>
<body>
  <div class='ocr_page' id='page_1' title='image "./eclogaepoetarum01orelgoog_0406.png"; bbox 0 0 2948 4820; ppageno 0'>
   <div class='ocr_carea' id='block_1_1' title="bbox 369 843 1030 920">
    <p class='ocr_par' dir='ltr' id='par_1_1' title="bbox 369 843 1030 920">
     <span class='ocr_line' id='line_1_1' title="bbox 369 843 1030 920; baseline -0.002 -2"><span class='ocrx_word' id='word_1_1' title='bbox 369 845 523 920; x_wconf 86' lang='lat' dir='ltr'>PETRI</span> <span class='ocrx_word' id='word_1_2' title='bbox 553 844 785 920; x_wconf 85' lang='lat' dir='ltr'><strong>LOTlCHll</strong></span> <span class='ocrx_word' id='word_1_3' title='bbox 814 843 1030 920; x_wconf 89' lang='lat' dir='ltr'><strong>SECUNDI</strong></span> 
     </span>
    </p>
   </div>
   <div class='ocr_carea' id='block_1_2' title="bbox 546 1005 855 1190">
    <p class='ocr_par' dir='ltr' id='par_1_2' title="bbox 546 1005 855 1190">
     <span class='ocr_line' id='line_1_2' title="bbox 546 1005 855 1056; baseline 0 -6"><span class='ocrx_word' id='word_1_4' title='bbox 546 1006 609 1056; x_wconf 80' lang='lat' dir='ltr'><strong>nus.</strong></span> <span class='ocrx_word' id='word_1_5' title='bbox 630 1005 653 1052; x_wconf 92' lang='lat'><strong>1.</strong></span> <span class='ocrx_word' id='word_1_6' title='bbox 690 1005 787 1051; x_wconf 78' lang='lat' dir='ltr'><strong>unce.</strong></span> <span class='ocrx_word' id='word_1_7' title='bbox 807 1006 855 1050; x_wconf 74' lang='lat' dir='ltr'><strong>rr.</strong></span> 
     </span>
     <span class='ocr_line' id='line_1_3' title="bbox 558 1123 845 1190; baseline -0.003 -1"><span class='ocrx_word' id='word_1_8' title='bbox 558 1125 624 1190; x_wconf 89' lang='lat' dir='ltr'><strong>AD</strong></span> <span class='ocrx_word' id='word_1_9' title='bbox 646 1123 845 1190; x_wconf 85' lang='lat' dir='ltr'><strong>AMICOS.</strong></span> 
     </span>
    </p>
   </div>
   <div class='ocr_carea' id='block_1_3' title="bbox 276 1259 1121 1350">
    <p class='ocr_par' dir='ltr' id='par_1_3' title="bbox 276 1259 1121 1350">
     <span class='ocr_line' id='line_1_4' title="bbox 276 1259 1121 1350; baseline -0.007 -22"><span class='ocrx_word' id='word_1_10' title='bbox 276 1265 331 1328; x_wconf 88' lang='lat' dir='ltr'><strong>De</strong></span> <span class='ocrx_word' id='word_1_11' title='bbox 353 1284 418 1326; x_wconf 86' lang='lat' dir='ltr'><strong>suo</strong></span> <span class='ocrx_word' id='word_1_12' title='bbox 440 1263 476 1325; x_wconf 84' lang='lat' dir='ltr'><strong>in</strong></span> <span class='ocrx_word' id='word_1_13' title='bbox 495 1263 651 1346; x_wconf 82' lang='lat' dir='ltr'><strong>patriam</strong></span> <span class='ocrx_word' id='word_1_14' title='bbox 671 1263 788 1329; x_wconf 82' lang='lat' dir='ltr'><strong>reditu</strong></span> <span class='ocrx_word' id='word_1_15' title='bbox 797 1260 912 1350; x_wconf 85' lang='lat' dir='ltr'><strong>facta</strong></span> <span class='ocrx_word' id='word_1_16' title='bbox 931 1259 1004 1322; x_wconf 86' lang='lat' dir='ltr'><strong>iam</strong></span> <span class='ocrx_word' id='word_1_17' title='bbox 1022 1280 1121 1344; x_wconf 82' lang='lat' dir='ltr'><strong>pace.</strong></span> 
     </span>
    </p>
   </div>
   <div class='ocr_carea' id='block_1_4' title="bbox 108 1378 1057 1468">
    <p class='ocr_par' dir='ltr' id='par_1_4' title="bbox 108 1378 1057 1468">
     <span class='ocr_line' id='line_1_5' title="bbox 108 1378 1057 1468; baseline -0.007 -20"><span class='ocrx_word' id='word_1_18' title='bbox 108 1401 125 1448; x_wconf 82' lang='grc'><strong>.’</strong></span> <span class='ocrx_word' id='word_1_19' title='bbox 226 1383 356 1468; x_wconf 87' lang='lat' dir='ltr'><strong>Cingitc</strong></span> <span class='ocrx_word' id='word_1_20' title='bbox 378 1383 413 1447; x_wconf 91' lang='lat' dir='ltr'><strong>io</strong></span> <span class='ocrx_word' id='word_1_21' title='bbox 435 1381 536 1459; x_wconf 89' lang='lat' dir='ltr'><strong>lauri,</strong></span> <span class='ocrx_word' id='word_1_22' title='bbox 561 1394 612 1446; x_wconf 89' lang='lat' dir='ltr'><strong>ter</strong></span> <span class='ocrx_word' id='word_1_23' title='bbox 632 1381 666 1448; x_wconf 87' lang='lat' dir='ltr'><strong>in</strong></span> <span class='ocrx_word' id='word_1_24' title='bbox 689 1404 757 1445; x_wconf 91' lang='lat' dir='ltr'><strong>mea</strong></span> <span class='ocrx_word' id='word_1_25' title='bbox 782 1378 900 1464; x_wconf 83' lang='lat' dir='ltr'>cingite</span> <span class='ocrx_word' id='word_1_26' title='bbox 922 1379 1004 1442; x_wconf 90' lang='lat' dir='ltr'><strong>lauri</strong></span> <span class='ocrx_word' id='word_1_27' title='bbox 1054 1455 1057 1460; x_wconf 27' lang='grc' dir='ltr'>Ι</span> 
     </span>
    </p>
   </div>
   <div class='ocr_carea' id='block_1_5' title="bbox 225 1473 1265 2120">
    <p class='ocr_par' dir='ltr' id='par_1_5' title="bbox 225 1473 1265 2120">
     <span class='ocr_line' id='line_1_6' title="bbox 289 1473 998 1559; baseline -0.007 -17"><span class='ocrx_word' id='word_1_28' title='bbox 289 1481 472 1559; x_wconf 89' lang='lat' dir='ltr'><strong>Tempora;</strong></span> <span class='ocrx_word' id='word_1_29' title='bbox 496 1473 587 1539; x_wconf 84' lang='lat' dir='ltr'><strong>finito</strong></span> <span class='ocrx_word' id='word_1_30' title='bbox 609 1476 735 1558; x_wconf 91' lang='lat' dir='ltr'><strong>proelia</strong></span> <span class='ocrx_word' id='word_1_31' title='bbox 758 1476 868 1538; x_wconf 89' lang='lat' dir='ltr'><strong>Marte</strong></span> <span class='ocrx_word' id='word_1_32' title='bbox 892 1473 998 1538; x_wconf 87' lang='lat' dir='ltr'><strong>silent.</strong></span> 
     </span>
     <span class='ocr_line' id='line_1_7' title="bbox 225 1569 1124 1651; baseline -0.003 -18"><span class='ocrx_word' id='word_1_33' title='bbox 225 1571 320 1633; x_wconf 87' lang='lat' dir='ltr'><strong>Nunc</strong></span> <span class='ocrx_word' id='word_1_34' title='bbox 342 1570 465 1635; x_wconf 80' lang='lat' dir='ltr'><strong>funesta</strong></span> <span class='ocrx_word' id='word_1_35' title='bbox 489 1569 564 1632; x_wconf 89' lang='lat' dir='ltr'><strong>mibi</strong></span> <span class='ocrx_word' id='word_1_36' title='bbox 585 1569 656 1650; x_wconf 84' lang='lat' dir='ltr'><strong>(vix</strong></span> <span class='ocrx_word' id='word_1_37' title='bbox 678 1591 810 1651; x_wconf 91' lang='lat' dir='ltr'><strong>possum</strong></span> <span class='ocrx_word' id='word_1_38' title='bbox 833 1569 967 1632; x_wconf 86' lang='lat' dir='ltr'><strong>credere</strong></span> <span class='ocrx_word' id='word_1_39' title='bbox 988 1569 1124 1644; x_wconf 89' lang='lat' dir='ltr'><strong>tantum)</strong></span> 
     </span>
     <span class='ocr_line' id='line_1_8' title="bbox 289 1661 1009 1743; baseline -0.003 -17"><span class='ocrx_word' id='word_1_40' title='bbox 289 1666 391 1726; x_wconf 90' lang='lat' dir='ltr'><strong>Arma</strong></span> <span class='ocrx_word' id='word_1_41' title='bbox 412 1662 489 1726; x_wconf 90' lang='lat' dir='ltr'><strong>licet</strong></span> <span class='ocrx_word' id='word_1_42' title='bbox 510 1661 595 1725; x_wconf 85' lang='lat' dir='ltr'><strong>facta</strong></span> <span class='ocrx_word' id='word_1_43' title='bbox 617 1683 697 1743; x_wconf 89' lang='lat' dir='ltr'><strong>pace</strong></span> <span class='ocrx_word' id='word_1_44' title='bbox 719 1661 845 1726; x_wconf 85' lang='lat' dir='ltr'><strong>referre</strong></span> <span class='ocrx_word' id='word_1_45' title='bbox 868 1665 1009 1727; x_wconf 89' lang='lat' dir='ltr'><strong>domum.</strong></span> 
     </span>
     <span class='ocr_line' id='line_1_9' title="bbox 225 1753 1265 1842; baseline -0.003 -21"><span class='ocrx_word' id='word_1_46' title='bbox 225 1759 320 1821; x_wconf 89' lang='lat' dir='ltr'><strong>Nunc</strong></span> <span class='ocrx_word' id='word_1_47' title='bbox 336 1757 422 1832; x_wconf 87' lang='lat' dir='ltr'><strong>scio,</strong></span> <span class='ocrx_word' id='word_1_48' title='bbox 439 1757 629 1842; x_wconf 84' lang='lat' dir='ltr'><strong>tranquillae</strong></span> <span class='ocrx_word' id='word_1_49' title='bbox 641 1778 734 1840; x_wconf 83' lang='lat' dir='ltr'><strong>quarn</strong></span> <span class='ocrx_word' id='word_1_50' title='bbox 751 1755 813 1819; x_wconf 88' lang='lat' dir='ltr'><strong>sint</strong></span> <span class='ocrx_word' id='word_1_51' title='bbox 827 1757 913 1821; x_wconf 87' lang='lat' dir='ltr'><strong>hona</strong></span> <span class='ocrx_word' id='word_1_52' title='bbox 929 1756 1096 1819; x_wconf 88' lang='lat' dir='ltr'><strong>commoda</strong></span> <span class='ocrx_word' id='word_1_53' title='bbox 1110 1753 1220 1838; x_wconf 89' lang='lat' dir='ltr'><strong>pacis,</strong></span> <span class='ocrx_word' id='word_1_54' title='bbox 1246 1756 1265 1818; x_wconf 82' lang='lat'><strong>5</strong></span> 
     </span>
     <span class='ocr_line' id='line_1_10' title="bbox 272 1849 1071 1937; baseline 0 -24"><span class='ocrx_word' id='word_1_55' title='bbox 272 1850 444 1937; x_wconf 86' lang='lat' dir='ltr'><strong>¹Bellaque</strong></span> <span class='ocrx_word' id='word_1_56' title='bbox 466 1849 530 1912; x_wconf 86' lang='lat' dir='ltr'><strong>sint</strong></span> <span class='ocrx_word' id='word_1_57' title='bbox 551 1849 648 1913; x_wconf 87' lang='lat' dir='ltr'><strong>terris</strong></span> <span class='ocrx_word' id='word_1_58' title='bbox 670 1851 763 1933; x_wconf 89' lang='lat' dir='ltr'><strong>quale</strong></span> <span class='ocrx_word' id='word_1_59' title='bbox 786 1861 918 1914; x_wconf 84' lang='lat' dir='ltr'><strong>cruenta</strong></span> <span class='ocrx_word' id='word_1_60' title='bbox 940 1849 1071 1913; x_wconf 86' lang='lat' dir='ltr'><strong>malum.</strong></span> 
     </span>
     <span class='ocr_line' id='line_1_11' title="bbox 227 1942 1031 2024; baseline -0.006 -14"><span class='ocrx_word' id='word_1_61' title='bbox 227 1944 382 2010; x_wconf 83' lang='lat' dir='ltr'><strong>Proderit</strong></span> <span class='ocrx_word' id='word_1_62' title='bbox 403 1945 468 2006; x_wconf 92' lang='lat' dir='ltr'><strong>boc</strong></span> <span class='ocrx_word' id='word_1_63' title='bbox 490 1943 565 2006; x_wconf 90' lang='lat' dir='ltr'><strong>olim</strong></span> <span class='ocrx_word' id='word_1_64' title='bbox 587 1942 691 2024; x_wconf 88' lang='lat' dir='ltr'><strong>prima</strong></span> <span class='ocrx_word' id='word_1_65' title='bbox 713 1943 860 2008; x_wconf 81' lang='lat' dir='ltr'><strong>didicisse</strong></span> <span class='ocrx_word' id='word_1_66' title='bbox 881 1943 1031 2008; x_wconf 74' lang='lat' dir='ltr'><strong>iuventae</strong></span> 
     </span>
     <span class='ocr_line' id='line_1_12' title="bbox 291 2035 997 2120; baseline 0 -20"><span class='ocrx_word' id='word_1_67' title='bbox 291 2037 413 2100; x_wconf 87' lang='lat' dir='ltr'><strong>Martis</strong></span> <span class='ocrx_word' id='word_1_68' title='bbox 434 2035 610 2119; x_wconf 81' lang='lat' dir='ltr'><strong>inexpertis</strong></span> <span class='ocrx_word' id='word_1_69' title='bbox 636 2037 728 2101; x_wconf 85' lang='lat' dir='ltr'><strong>dulce</strong></span> <span class='ocrx_word' id='word_1_70' title='bbox 750 2036 878 2102; x_wconf 86' lang='lat' dir='ltr'><strong>videtur</strong></span> <span class='ocrx_word' id='word_1_71' title='bbox 901 2058 997 2120; x_wconf 86' lang='lat' dir='ltr'><strong>opus.</strong></span> 
     </span>
    </p>
   </div>
   <div class='ocr_carea' id='block_1_6' title="bbox 135 2128 1037 2213">
    <p class='ocr_par' dir='ltr' id='par_1_6' title="bbox 135 2128 1037 2213">
     <span class='ocr_line' id='line_1_13' title="bbox 135 2128 1037 2213; baseline -0.002 -19"><span class='ocrx_word' id='word_1_72' title='bbox 135 2131 139 2141; x_wconf 85' lang='lat'><em>&#39;</em></span> <span class='ocrx_word' id='word_1_73' title='bbox 226 2133 306 2194; x_wconf 86' lang='lat' dir='ltr'><strong>Este</strong></span> <span class='ocrx_word' id='word_1_74' title='bbox 328 2129 471 2204; x_wconf 90' lang='lat' dir='ltr'><strong>salutati,</strong></span> <span class='ocrx_word' id='word_1_75' title='bbox 494 2149 578 2213; x_wconf 88' lang='lat' dir='ltr'><strong>quos</strong></span> <span class='ocrx_word' id='word_1_76' title='bbox 601 2151 670 2192; x_wconf 90' lang='lat' dir='ltr'><strong>sum</strong></span> <span class='ocrx_word' id='word_1_77' title='bbox 693 2132 901 2211; x_wconf 88' lang='lat' dir='ltr'><strong>complexus,</strong></span> <span class='ocrx_word' id='word_1_78' title='bbox 925 2128 1037 2206; x_wconf 89' lang='lat' dir='ltr'><strong>amici,</strong></span> 
     </span>
    </p>
   </div>
   <div class='ocr_carea' id='block_1_7' title="bbox 224 2219 1272 4356">
    <p class='ocr_par' dir='ltr' id='par_1_7' title="bbox 224 2219 1272 4356">
     <span class='ocr_line' id='line_1_14' title="bbox 291 2219 1267 2306; baseline 0 -20"><span class='ocrx_word' id='word_1_79' title='bbox 291 2223 366 2286; x_wconf 91' lang='lat' dir='ltr'><strong>Sive</strong></span> <span class='ocrx_word' id='word_1_80' title='bbox 389 2221 460 2306; x_wconf 87' lang='lat' dir='ltr'><strong>quis</strong></span> <span class='ocrx_word' id='word_1_81' title='bbox 482 2221 513 2283; x_wconf 93' lang='lat' dir='ltr'><strong>in</strong></span> <span class='ocrx_word' id='word_1_82' title='bbox 535 2219 666 2298; x_wconf 89' lang='lat' dir='ltr'><strong>studiis,</strong></span> <span class='ocrx_word' id='word_1_83' title='bbox 690 2243 747 2286; x_wconf 88' lang='lat' dir='ltr'><strong>seu</strong></span> <span class='ocrx_word' id='word_1_84' title='bbox 768 2221 840 2284; x_wconf 90' lang='lat' dir='ltr'><strong>tulit</strong></span> <span class='ocrx_word' id='word_1_85' title='bbox 863 2222 1079 2286; x_wconf 89' lang='lat' dir='ltr'><strong>armasimul.</strong></span> <span class='ocrx_word' id='word_1_86' title='bbox 1178 2295 1180 2302; x_wconf 49' lang='grc'>,</span> <span class='ocrx_word' id='word_1_87' title='bbox 1225 2226 1267 2288; x_wconf 87' lang='grc'><strong>10</strong></span> 
     </span>
     <span class='ocr_line' id='line_1_15' title="bbox 225 2313 1207 2402; baseline 0.002 -22"><span class='ocrx_word' id='word_1_88' title='bbox 225 2317 300 2380; x_wconf 88' lang='lat' dir='ltr'><strong>Vos</strong></span> <span class='ocrx_word' id='word_1_89' title='bbox 324 2335 386 2398; x_wconf 88' lang='lat' dir='ltr'><strong>ego</strong></span> <span class='ocrx_word' id='word_1_90' title='bbox 409 2332 509 2388; x_wconf 90' lang='lat' dir='ltr'><strong>nunc,</strong></span> <span class='ocrx_word' id='word_1_91' title='bbox 534 2313 628 2376; x_wconf 91' lang='lat' dir='ltr'><strong>animi</strong></span> <span class='ocrx_word' id='word_1_92' title='bbox 650 2335 725 2396; x_wconf 89' lang='lat' dir='ltr'><strong>pars</strong></span> <span class='ocrx_word' id='word_1_93' title='bbox 748 2315 852 2380; x_wconf 84' lang='lat' dir='ltr'><strong>nostri</strong></span> <span class='ocrx_word' id='word_1_94' title='bbox 874 2338 1006 2402; x_wconf 85' lang='lat' dir='ltr'><strong>magna,</strong></span> <span class='ocrx_word' id='word_1_95' title='bbox 1030 2316 1207 2402; x_wconf 82' lang='lat' dir='ltr'><strong>relinquam</strong></span> 
     </span>
     <span class='ocr_line' id='line_1_16' title="bbox 292 2406 913 2490; baseline 0.005 -19"><span class='ocrx_word' id='word_1_96' title='bbox 292 2406 418 2471; x_wconf 88' lang='lat' dir='ltr'><strong>Natalis</strong></span> <span class='ocrx_word' id='word_1_97' title='bbox 439 2418 589 2490; x_wconf 87' lang='lat' dir='ltr'><strong>repetens</strong></span> <span class='ocrx_word' id='word_1_98' title='bbox 613 2408 717 2472; x_wconf 90' lang='lat' dir='ltr'><strong>dulcia</strong></span> <span class='ocrx_word' id='word_1_99' title='bbox 739 2429 817 2474; x_wconf 88' lang='lat' dir='ltr'><strong>rura</strong></span> <span class='ocrx_word' id='word_1_100' title='bbox 836 2408 913 2474; x_wconf 88' lang='lat' dir='ltr'><strong>soli.</strong></span> 
     </span>
     <span class='ocr_line' id='line_1_17' title="bbox 227 2500 1117 2587; baseline 0.002 -21"><span class='ocrx_word' id='word_1_101' title='bbox 227 2500 344 2567; x_wconf 90' lang='lat' dir='ltr'><strong>Castra</strong></span> <span class='ocrx_word' id='word_1_102' title='bbox 367 2500 492 2575; x_wconf 89' lang='lat' dir='ltr'><strong>valete,</strong></span> <span class='ocrx_word' id='word_1_103' title='bbox 517 2501 621 2564; x_wconf 84' lang='lat' dir='ltr'><strong>valete</strong></span> <span class='ocrx_word' id='word_1_104' title='bbox 644 2521 753 2578; x_wconf 84' lang='lat' dir='ltr'><strong>enses,</strong></span> <span class='ocrx_word' id='word_1_105' title='bbox 779 2503 851 2567; x_wconf 86' lang='lat' dir='ltr'><strong>vale</strong></span> <span class='ocrx_word' id='word_1_106' title='bbox 871 2503 1002 2587; x_wconf 89' lang='lat' dir='ltr'><strong>hospita</strong></span> <span class='ocrx_word' id='word_1_107' title='bbox 1023 2504 1117 2568; x_wconf 86' lang='lat' dir='ltr'><strong>tellus</strong></span> 
     </span>
     <span class='ocr_line' id='line_1_18' title="bbox 289 2593 1041 2678; baseline 0.003 -19"><span class='ocrx_word' id='word_1_108' title='bbox 289 2597 335 2659; x_wconf 88' lang='lat' dir='ltr'><strong>Et</strong></span> <span class='ocrx_word' id='word_1_109' title='bbox 356 2616 465 2658; x_wconf 90' lang='lat' dir='ltr'><strong>nemus</strong></span> <span class='ocrx_word' id='word_1_110' title='bbox 489 2606 520 2658; x_wconf 90' lang='lat' dir='ltr'><strong>et</strong></span> <span class='ocrx_word' id='word_1_111' title='bbox 542 2593 681 2658; x_wconf 80' lang='lat' dir='ltr'><strong>lacrimis</strong></span> <span class='ocrx_word' id='word_1_112' title='bbox 705 2596 834 2660; x_wconf 89' lang='lat' dir='ltr'><strong>conscia</strong></span> <span class='ocrx_word' id='word_1_113' title='bbox 856 2595 928 2678; x_wconf 92' lang='lat' dir='ltr'><strong>ripa</strong></span> <span class='ocrx_word' id='word_1_114' title='bbox 949 2596 1041 2662; x_wconf 90' lang='lat' dir='ltr'><strong>meis.</strong></span> 
     </span>
     <span class='ocr_line' id='line_1_19' title="bbox 226 2689 1266 2773; baseline 0.006 -23"><span class='ocrx_word' id='word_1_115' title='bbox 226 2689 299 2754; x_wconf 90' lang='lat' dir='ltr'><strong>Vos</strong></span> <span class='ocrx_word' id='word_1_116' title='bbox 323 2707 452 2771; x_wconf 81' lang='lat' dir='ltr'><strong>qrroque</strong></span> <span class='ocrx_word' id='word_1_117' title='bbox 474 2698 643 2750; x_wconf 88' lang='lat' dir='ltr'><strong>consortes</strong></span> <span class='ocrx_word' id='word_1_118' title='bbox 666 2709 819 2770; x_wconf 89' lang='lat' dir='ltr'><strong>operum,</strong></span> <span class='ocrx_word' id='word_1_119' title='bbox 845 2711 927 2773; x_wconf 90' lang='lat' dir='ltr'><strong>quos</strong></span> <span class='ocrx_word' id='word_1_120' title='bbox 949 2711 1053 2773; x_wconf 89' lang='lat' dir='ltr'><strong>nuper</strong></span> <span class='ocrx_word' id='word_1_121' title='bbox 1075 2694 1193 2757; x_wconf 86' lang='lat' dir='ltr'><strong>acerbo</strong></span> <span class='ocrx_word' id='word_1_122' title='bbox 1228 2693 1266 2756; x_wconf 84' lang='lat'><strong>15</strong></span> 
     </span>
     <span class='ocr_line' id='line_1_20' title="bbox 289 2780 1048 2862; baseline 0 -16"><span class='ocrx_word' id='word_1_123' title='bbox 289 2783 418 2846; x_wconf 85' lang='lat' dir='ltr'><strong>Funere</strong></span> <span class='ocrx_word' id='word_1_124' title='bbox 440 2780 534 2844; x_wconf 90' lang='lat' dir='ltr'><strong>Mars</strong></span> <span class='ocrx_word' id='word_1_125' title='bbox 557 2780 662 2844; x_wconf 90' lang='lat' dir='ltr'><strong>bausit</strong></span> <span class='ocrx_word' id='word_1_126' title='bbox 684 2781 833 2847; x_wconf 87' lang='lat' dir='ltr'><strong>turbidus</strong></span> <span class='ocrx_word' id='word_1_127' title='bbox 854 2793 926 2847; x_wconf 83' lang='lat' dir='ltr'><strong>ante</strong></span> <span class='ocrx_word' id='word_1_128' title='bbox 949 2783 1048 2862; x_wconf 90' lang='lat' dir='ltr'><strong>diem,</strong></span> 
     </span>
     <span class='ocr_line' id='line_1_21' title="bbox 228 2867 1026 2959; baseline 0.004 -21"><span class='ocrx_word' id='word_1_129' title='bbox 228 2874 375 2938; x_wconf 89' lang='lat' dir='ltr'><strong>Illustres</strong></span> <span class='ocrx_word' id='word_1_130' title='bbox 398 2872 520 2936; x_wconf 87' lang='lat' dir='ltr'><strong>salvete</strong></span> <span class='ocrx_word' id='word_1_131' title='bbox 543 2867 664 2936; x_wconf 74' lang='lat' dir='ltr'><strong>animae</strong></span> <span class='ocrx_word' id='word_1_132' title='bbox 685 2874 882 2959; x_wconf 85' lang='lat' dir='ltr'><strong>longumque</strong></span> <span class='ocrx_word' id='word_1_133' title='bbox 905 2876 1026 2955; x_wconf 88' lang='lat' dir='ltr'><strong>valete,</strong></span> 
     </span>
     <span class='ocr_line' id='line_1_22' title="bbox 291 2965 1184 3054; baseline 0.007 -24"><span class='ocrx_word' id='word_1_134' title='bbox 291 2969 426 3051; x_wconf 85' lang='lat' dir='ltr'><strong>Tuque,</strong></span> <span class='ocrx_word' id='word_1_135' title='bbox 451 2966 506 3028; x_wconf 88' lang='lat' dir='ltr'><strong>sed</strong></span> <span class='ocrx_word' id='word_1_136' title='bbox 529 2965 616 3054; x_wconf 87' lang='lat' dir='ltr'><strong>(beu)</strong></span> <span class='ocrx_word' id='word_1_137' title='bbox 637 2965 750 3030; x_wconf 82' lang='lat' dir='ltr'><strong>fractis</strong></span> <span class='ocrx_word' id='word_1_138' title='bbox 773 2969 951 3046; x_wconf 88' lang='lat' dir='ltr'><strong>cornibus,</strong></span> <span class='ocrx_word' id='word_1_139' title='bbox 976 2969 1074 3050; x_wconf 88' lang='lat' dir='ltr'><strong>Albi,</strong></span> <span class='ocrx_word' id='word_1_140' title='bbox 1098 2972 1184 3038; x_wconf 86' lang='lat' dir='ltr'><strong>vale.</strong></span> 
     </span>
     <span class='ocr_line' id='line_1_23' title="bbox 224 3062 1110 3144; baseline 0.003 -18"><span class='ocrx_word' id='word_1_141' title='bbox 224 3063 272 3127; x_wconf 86' lang='lat' dir='ltr'><strong>At</strong></span> <span class='ocrx_word' id='word_1_142' title='bbox 293 3072 329 3124; x_wconf 92' lang='lat' dir='ltr'><strong>tu</strong></span> <span class='ocrx_word' id='word_1_143' title='bbox 349 3080 464 3144; x_wconf 87' lang='lat' dir='ltr'><strong>parce,</strong></span> <span class='ocrx_word' id='word_1_144' title='bbox 488 3079 624 3141; x_wconf 87' lang='lat' dir='ltr'><strong>precor,</strong></span> <span class='ocrx_word' id='word_1_145' title='bbox 647 3062 815 3140; x_wconf 89' lang='lat' dir='ltr'><strong>subiectis,</strong></span> <span class='ocrx_word' id='word_1_146' title='bbox 838 3063 946 3128; x_wconf 89' lang='lat' dir='ltr'><strong>inclite</strong></span> <span class='ocrx_word' id='word_1_147' title='bbox 969 3062 1110 3144; x_wconf 89' lang='lat' dir='ltr'><strong>Caesar,</strong></span> 
     </span>
     <span class='ocr_line' id='line_1_24' title="bbox 288 3153 1272 3239; baseline 0.006 -21"><span class='ocrx_word' id='word_1_148' title='bbox 288 3157 457 3239; x_wconf 86' lang='lat' dir='ltr'><strong>Humanae</strong></span> <span class='ocrx_word' id='word_1_149' title='bbox 478 3153 583 3216; x_wconf 85' lang='lat' dir='ltr'><strong>lactus</strong></span> <span class='ocrx_word' id='word_1_150' title='bbox 605 3153 702 3217; x_wconf 89' lang='lat' dir='ltr'><strong>sortis</strong></span> <span class='ocrx_word' id='word_1_151' title='bbox 725 3158 766 3220; x_wconf 91' lang='lat' dir='ltr'><strong>ab</strong></span> <span class='ocrx_word' id='word_1_152' title='bbox 788 3158 882 3221; x_wconf 88' lang='lat' dir='ltr'><strong>hoste</strong></span> <span class='ocrx_word' id='word_1_153' title='bbox 904 3178 1042 3224; x_wconf 85' lang='lat' dir='ltr'><strong>memor.</strong></span> <span class='ocrx_word' id='word_1_154' title='bbox 1230 3160 1272 3224; x_wconf 76' lang='lat'><strong>90</strong></span> 
     </span>
     <span class='ocr_line' id='line_1_25' title="bbox 228 3245 986 3332; baseline 0.005 -20"><span class='ocrx_word' id='word_1_155' title='bbox 228 3248 342 3312; x_wconf 83' lang='lat' dir='ltr'><strong>Gloria</strong></span> <span class='ocrx_word' id='word_1_156' title='bbox 363 3245 481 3310; x_wconf 90' lang='lat' dir='ltr'><strong>victori</strong></span> <span class='ocrx_word' id='word_1_157' title='bbox 502 3257 552 3310; x_wconf 85' lang='lat' dir='ltr'><strong>est</strong></span> <span class='ocrx_word' id='word_1_158' title='bbox 573 3245 665 3310; x_wconf 87' lang='lat' dir='ltr'><strong>victis</strong></span> <span class='ocrx_word' id='word_1_159' title='bbox 689 3249 811 3313; x_wconf 88' lang='lat' dir='ltr'><strong>donare</strong></span> <span class='ocrx_word' id='word_1_160' title='bbox 832 3251 986 3332; x_wconf 85' lang='lat' dir='ltr'><strong>salutem,</strong></span> 
     </span>
     <span class='ocr_line' id='line_1_26' title="bbox 290 3338 1158 3423; baseline 0.008 -19"><span class='ocrx_word' id='word_1_161' title='bbox 290 3341 362 3404; x_wconf 86' lang='lat' dir='ltr'><strong>Nec</strong></span> <span class='ocrx_word' id='word_1_162' title='bbox 383 3339 522 3416; x_wconf 86' lang='lat' dir='ltr'><strong>crimen,</strong></span> <span class='ocrx_word' id='word_1_163' title='bbox 546 3338 700 3422; x_wconf 89' lang='lat' dir='ltr'><strong>quidquid</strong></span> <span class='ocrx_word' id='word_1_164' title='bbox 720 3361 785 3403; x_wconf 90' lang='lat' dir='ltr'><strong>non</strong></span> <span class='ocrx_word' id='word_1_165' title='bbox 808 3343 1024 3423; x_wconf 81' lang='lat' dir='ltr'><strong>bene&#39;cessit,</strong></span> <span class='ocrx_word' id='word_1_166' title='bbox 1048 3346 1158 3411; x_wconf 85' lang='lat' dir='ltr'><strong>babet.</strong></span> 
     </span>
     <span class='ocr_line' id='line_1_27' title="bbox 227 3431 1012 3516; baseline 0.004 -19"><span class='ocrx_word' id='word_1_167' title='bbox 227 3434 329 3498; x_wconf 84' lang='lat' dir='ltr'><strong>Laeta</strong></span> <span class='ocrx_word' id='word_1_168' title='bbox 353 3431 549 3499; x_wconf 86' lang='lat' dir='ltr'><strong>volubilibus</strong></span> <span class='ocrx_word' id='word_1_169' title='bbox 572 3431 710 3497; x_wconf 87' lang='lat' dir='ltr'><strong>victoria</strong></span> <span class='ocrx_word' id='word_1_170' title='bbox 730 3433 878 3516; x_wconf 88' lang='lat' dir='ltr'><strong>passibus</strong></span> <span class='ocrx_word' id='word_1_171' title='bbox 901 3447 1012 3512; x_wconf 85' lang='lat' dir='ltr'><strong>errat;</strong></span> 
     </span>
     <span class='ocr_line' id='line_1_28' title="bbox 295 3525 938 3612; baseline 0.002 -20"><span class='ocrx_word' id='word_1_172' title='bbox 295 3530 341 3592; x_wconf 88' lang='lat' dir='ltr'><strong>Et</strong></span> <span class='ocrx_word' id='word_1_173' title='bbox 361 3525 469 3610; x_wconf 84' lang='lat' dir='ltr'><strong>magni</strong></span> <span class='ocrx_word' id='word_1_174' title='bbox 489 3547 585 3612; x_wconf 85' lang='lat' dir='ltr'><strong>reges</strong></span> <span class='ocrx_word' id='word_1_175' title='bbox 607 3537 641 3590; x_wconf 88' lang='lat' dir='ltr'><strong>et</strong></span> <span class='ocrx_word' id='word_1_176' title='bbox 661 3525 806 3591; x_wconf 84' lang='lat' dir='ltr'><strong>cecidere</strong></span> <span class='ocrx_word' id='word_1_177' title='bbox 829 3529 938 3593; x_wconf 87' lang='lat' dir='ltr'><strong>duces.</strong></span> 
     </span>
     <span class='ocr_line' id='line_1_29' title="bbox 229 3619 1266 3702; baseline 0.005 -17"><span class='ocrx_word' id='word_1_178' title='bbox 229 3619 367 3686; x_wconf 84' lang='lat' dir='ltr'><strong>Fallor?</strong></span> <span class='ocrx_word' id='word_1_179' title='bbox 389 3641 429 3682; x_wconf 89' lang='lat' dir='ltr'><strong>an</strong></span> <span class='ocrx_word' id='word_1_180' title='bbox 450 3619 606 3702; x_wconf 88' lang='lat' dir='ltr'><strong>incipiunt</strong></span> <span class='ocrx_word' id='word_1_181' title='bbox 628 3619 683 3684; x_wconf 87' lang='lat' dir='ltr'><strong>alti</strong></span> <span class='ocrx_word' id='word_1_182' title='bbox 704 3620 871 3686; x_wconf 86' lang='lat' dir='ltr'><strong>subsidere</strong></span> <span class='ocrx_word' id='word_1_183' title='bbox 893 3622 1038 3687; x_wconf 82' lang='lat' dir='ltr'><strong>montes?</strong></span> <span class='ocrx_word' id='word_1_184' title='bbox 1226 3627 1266 3690; x_wconf 77' lang='lat'><strong>25</strong></span> 
     </span>
     <span class='ocr_line' id='line_1_30' title="bbox 291 3711 986 3800; baseline 0.003 -22"><span class='ocrx_word' id='word_1_185' title='bbox 291 3713 400 3797; x_wconf 81' lang='lat' dir='ltr'><strong>Spirat</strong></span> <span class='ocrx_word' id='word_1_186' title='bbox 420 3723 454 3776; x_wconf 91' lang='lat' dir='ltr'><strong>et</strong></span> <span class='ocrx_word' id='word_1_187' title='bbox 475 3735 492 3777; x_wconf 94' lang='lat' dir='ltr'><strong>e</strong></span> <span class='ocrx_word' id='word_1_188' title='bbox 515 3711 628 3794; x_wconf 91' lang='lat' dir='ltr'><strong>patriis</strong></span> <span class='ocrx_word' id='word_1_189' title='bbox 651 3712 755 3778; x_wconf 86' lang='lat' dir='ltr'><strong>lenior</strong></span> <span class='ocrx_word' id='word_1_190' title='bbox 777 3735 855 3778; x_wconf 88' lang='lat' dir='ltr'><strong>aura</strong></span> <span class='ocrx_word' id='word_1_191' title='bbox 875 3714 986 3800; x_wconf 82' lang='lat' dir='ltr'><strong>iugis?</strong></span> 
     </span>
     <span class='ocr_line' id='line_1_31' title="bbox 228 3805 1100 3892; baseline 0.005 -20"><span class='ocrx_word' id='word_1_192' title='bbox 228 3807 323 3872; x_wconf 88' lang='lat' dir='ltr'><strong>Salve</strong></span> <span class='ocrx_word' id='word_1_193' title='bbox 346 3808 437 3870; x_wconf 90' lang='lat' dir='ltr'><strong>dulce</strong></span> <span class='ocrx_word' id='word_1_194' title='bbox 458 3807 580 3870; x_wconf 87' lang='lat' dir='ltr'><strong>solum!</strong></span> <span class='ocrx_word' id='word_1_195' title='bbox 603 3827 669 3872; x_wconf 92' lang='lat' dir='ltr'><strong>non</strong></span> <span class='ocrx_word' id='word_1_196' title='bbox 691 3805 775 3870; x_wconf 89' lang='lat' dir='ltr'><strong>mitis</strong></span> <span class='ocrx_word' id='word_1_197' title='bbox 796 3819 828 3870; x_wconf 92' lang='lat' dir='ltr'><strong>et</strong></span> <span class='ocrx_word' id='word_1_198' title='bbox 850 3809 970 3892; x_wconf 86' lang='lat' dir='ltr'><strong>optima</strong></span> <span class='ocrx_word' id='word_1_199' title='bbox 992 3831 1100 3876; x_wconf 87' lang='lat' dir='ltr'><strong>rerum</strong></span> 
     </span>
     <span class='ocr_line' id='line_1_32' title="bbox 291 3898 1010 3985; baseline 0.003 -19"><span class='ocrx_word' id='word_1_200' title='bbox 291 3901 363 3966; x_wconf 84' lang='lat' dir='ltr'><strong>Pax</strong></span> <span class='ocrx_word' id='word_1_201' title='bbox 386 3898 464 3977; x_wconf 89' lang='lat' dir='ltr'><strong>tibi,</strong></span> <span class='ocrx_word' id='word_1_202' title='bbox 489 3920 554 3964; x_wconf 91' lang='lat' dir='ltr'><strong>non</strong></span> <span class='ocrx_word' id='word_1_203' title='bbox 577 3900 648 3985; x_wconf 83' lang='lat' dir='ltr'><strong>agri</strong></span> <span class='ocrx_word' id='word_1_204' title='bbox 667 3899 783 3974; x_wconf 84' lang='lat' dir='ltr'><strong>fertilis</strong></span> <span class='ocrx_word' id='word_1_205' title='bbox 805 3903 886 3964; x_wconf 91' lang='lat' dir='ltr'><strong>uber</strong></span> <span class='ocrx_word' id='word_1_206' title='bbox 908 3905 1010 3968; x_wconf 87' lang='lat' dir='ltr'><strong>abest.</strong></span> 
     </span>
     <span class='ocr_line' id='line_1_33' title="bbox 226 3991 1004 4076; baseline 0.008 -20"><span class='ocrx_word' id='word_1_207' title='bbox 226 3993 302 4058; x_wconf 88' lang='lat' dir='ltr'><strong>Non</strong></span> <span class='ocrx_word' id='word_1_208' title='bbox 324 3991 382 4056; x_wconf 91' lang='lat' dir='ltr'><strong>tibi</strong></span> <span class='ocrx_word' id='word_1_209' title='bbox 403 4003 495 4076; x_wconf 85' lang='lat' dir='ltr'><strong>prata</strong></span> <span class='ocrx_word' id='word_1_210' title='bbox 517 3991 584 4056; x_wconf 89' lang='lat' dir='ltr'><strong>suis</strong></span> <span class='ocrx_word' id='word_1_211' title='bbox 605 3995 720 4058; x_wconf 84' lang='lat' dir='ltr'><strong>desunt</strong></span> <span class='ocrx_word' id='word_1_212' title='bbox 739 3996 885 4060; x_wconf 86' lang='lat' dir='ltr'><strong>rorantia</strong></span> <span class='ocrx_word' id='word_1_213' title='bbox 905 3997 1004 4076; x_wconf 83' lang='lat' dir='ltr'><strong>rivis,</strong></span> 
     </span>
     <span class='ocr_line' id='line_1_34' title="bbox 292 4084 1271 4178; baseline 0.007 -28"><span class='ocrx_word' id='word_1_214' title='bbox 292 4086 402 4150; x_wconf 88' lang='lat' dir='ltr'><strong>Ubera</strong></span> <span class='ocrx_word' id='word_1_215' title='bbox 426 4084 545 4169; x_wconf 88' lang='lat' dir='ltr'><strong>quique</strong></span> <span class='ocrx_word' id='word_1_216' title='bbox 566 4086 673 4151; x_wconf 84' lang='lat' dir='ltr'><strong>ierant</strong></span> <span class='ocrx_word' id='word_1_217' title='bbox 694 4100 822 4153; x_wconf 88' lang='lat' dir='ltr'><strong>nectare</strong></span> <span class='ocrx_word' id='word_1_218' title='bbox 843 4091 936 4173; x_wconf 86' lang='lat' dir='ltr'><strong>plena</strong></span> <span class='ocrx_word' id='word_1_219' title='bbox 959 4113 1090 4178; x_wconf 83' lang='lat' dir='ltr'><strong>greges.</strong></span> <span class='ocrx_word' id='word_1_220' title='bbox 1228 4095 1271 4159; x_wconf 87' lang='grc'><strong>30</strong></span> 
     </span>
     <span class='ocr_line' id='line_1_35' title="bbox 228 4175 1226 4271; baseline 0.01 -31"><span class='ocrx_word' id='word_1_221' title='bbox 228 4176 259 4240; x_wconf 94' lang='grc' dir='ltr'>Ο</span> <span class='ocrx_word' id='word_1_222' title='bbox 282 4177 407 4260; x_wconf 90' lang='lat' dir='ltr'><strong>quoties</strong></span> <span class='ocrx_word' id='word_1_223' title='bbox 430 4198 513 4262; x_wconf 88' lang='lat' dir='ltr'><strong>ego,</strong></span> <span class='ocrx_word' id='word_1_224' title='bbox 539 4175 682 4258; x_wconf 85' lang='lat' dir='ltr'><strong>Cynthi,</strong></span> <span class='ocrx_word' id='word_1_225' title='bbox 706 4192 800 4256; x_wconf 86' lang='lat' dir='ltr'><strong>tuas,</strong></span> <span class='ocrx_word' id='word_1_226' title='bbox 825 4183 1057 4267; x_wconf 88' lang='lat' dir='ltr'><strong>placidissime,</strong></span> <span class='ocrx_word' id='word_1_227' title='bbox 1081 4187 1226 4271; x_wconf 85' lang='lat' dir='ltr'><strong>lymphas</strong></span> 
     </span>
     <span class='ocr_line' id='line_1_36' title="bbox 272 4270 985 4356; baseline 0.015 -22"><span class='ocrx_word' id='word_1_228' title='bbox 272 4270 429 4354; x_wconf 77' lang='lat' dir='ltr'><strong>,Optavil</strong></span> <span class='ocrx_word' id='word_1_229' title='bbox 453 4270 596 4356; x_wconf 87' lang='lat' dir='ltr'><strong>quoties,</strong></span> <span class='ocrx_word' id='word_1_230' title='bbox 619 4271 766 4337; x_wconf 77' lang='lat' dir='ltr'><strong>herbifer</strong></span> <span class='ocrx_word' id='word_1_231' title='bbox 788 4274 870 4354; x_wconf 90' lang='lat' dir='ltr'><strong>Aci,</strong></span> <span class='ocrx_word' id='word_1_232' title='bbox 895 4283 985 4345; x_wconf 87' lang='lat' dir='ltr'><strong>tuas!</strong></span> 
     </span>
    </p>
   </div>
   <div class='ocr_carea' id='block_1_8' title="bbox 0 0 1479 4820">
    <p class='ocr_par' dir='ltr' id='par_1_8' title="bbox 0 0 1479 4820">
     <span class='ocr_line' id='line_1_37' title="bbox 0 0 1479 4820; baseline 0 0"><span class='ocrx_word' id='word_1_233' title='bbox 0 0 1479 4820; x_wconf 95' lang='lat' dir='ltr'><strong> </strong></span> 
     </span>
    </p>
   </div>
  </div>
 </body>
</html>
