2964 4814
241 381 245 390 '
286 374 492 462 Saltuumque
514 367 750 447 reconditorum
825 405 834 422 ·

283 476 495 563 Arnniumque
518 494 696 546 sonantum.

347 599 400 659 Tu
421 599 547 676 Lucina
570 602 750 667 dolentibus

259 701 364 778 ¹luno
392 699 473 763 dicta
497 705 681 786 perceperis:
861 779 863 784 ,

282 802 334 862 Tu
356 812 471 880 potens
494 801 606 887 Trivia
629 815 662 866 et
683 807 783 871 notho
806 831 839 872 es

238 885 243 898 ’
282 900 376 964 Dicta
399 903 516 966 lumine
537 905 645 967 Luna.

341 1005 392 1067 Tu
415 1026 528 1081 ctrrsu,
553 1007 640 1083 Dea,
666 1021 828 1074 menstruo

282 1106 422 1168 Metiens
445 1107 505 1170 iter
526 1128 681 1184 annuum,

280 1207 412 1270 Rustica
436 1206 599 1292 agricolae
621 1211 715 1274 bonis
820 1289 822 1294 Ι

277 1311 379 1372 Tecta
401 1309 548 1394 frugibus
572 1313 697 1392 exples.

185 1403 190 1410 “
339 1410 390 1473 Sis
412 1432 605 1497 quoeunque
626 1413 683 1475 tibi
705 1414 810 1494 placet

274 1514 391 1576 Sancta
415 1513 566 1590 nomine,
584 1513 801 1599 Romulique,

273 1613 416 1696 Antique
440 1624 473 1676 ut
495 1615 590 1678 solita
613 1637 662 1692 es,
686 1617 771 1680 bona

275 1715 421 1797 sospites
444 1736 507 1797 ope
529 1728 668 1800 gentem.

627 1831 674 1892 X.
698 1830 781 1909 (lt.)

553 1930 619 1994 AD
642 1928 853 1997 FUNDUM.

207 2035 238 2096 0
260 2033 356 2096 lunde
378 2044 509 2107 noster,
532 2052 588 2095 seu
611 2031 728 2095 Sabine
751 2053 807 2094 seu
830 2031 968 2110 Tiburs,

138 2136 237 2212 (Nam
261 2145 291 2196 te
315 2155 385 2196 esse
409 2133 576 2197 Tiburtem
600 2144 779 2211 autumant,
805 2134 921 2218 qrribus
944 2150 1077 2200 nonest

139 2234 246 2300 Cordi
268 2234 434 2298 Catullum¹
451 2235 600 2298 laedere:
625 2247 657 2297 at
679 2233 793 2319 quibus
816 2227 906 2299 surdi
927 2245 996 2309 est,

139 2336 269 2416 Quouis
293 2336 442 2399 Sabinum
465 2335 604 2422 pignore
626 2357 696 2398 esse
719 2338 913 2399 contendunt
924 2340 948 2416 a)

138 2440 202 2500 Sed
225 2459 282 2500 seu
306 2439 422 2500 Sabine
445 2439 513 2501 sive
537 2439 644 2501 verius
668 2437 787 2500 Tiburs

115 2538 201 2601 sFui
222 2539 359 2601 libenter
381 2541 412 2601 in
434 2550 487 2602 tna
510 2540 691 2601 suburbana

136 2640 226 2702 Villa
250 2641 424 2723 malamque
447 2651 582 2722 pertore
604 2638 713 2721 expuli
735 2639 866 2716 tussim,

135 2743 214 2805 Non
236 2740 414 2805 immerenti
435 2763 531 2824 quam
555 2741 631 2803 mihi
653 2761 741 2804 merra
764 2753 894 2815 venter,
1008 2799 1011 2804 .
1128 2748 1130 2752 '

134 2843 221 2906 Dum
244 2856 447 2926 sumptuosas
471 2854 608 2925 appeto,
633 2842 734 2931 dedit,
759 2861 888 2906 coenas.

135 2946 218 3007 Nam
242 2945 403 3008 Sestianus
425 2948 503 3008 duur
521 2943 601 3008 volo
623 2965 692 3006 esse
714 2942 871 3019 conviva,
923 2932 940 2992 ’-

134 3045 323 3110 Orationem
346 3046 378 3108 in
402 3046 533 3109 Antium
555 3048 727 3135 petitorem
769 3050 801 3070 '⁶

132 3148 265 3212 Plenam
288 3147 402 3211 veneni
421 3159 454 3210 et
474 3147 672 3229 pestilentiae
694 3131 786 3230 legis.
872 3203 874 3206 .

133 3248 200 3312 Hie
221 3269 271 3311 me
294 3252 437 3333 gravedo
460 3249 578 3334 frigida
601 3260 633 3312 et
653 3247 805 3330 frequens
828 3246 923 3309 tussis

132 3350 327 3429 Quassarit,
353 3372 453 3434 usque
476 3353 547 3412 dum
570 3350 602 3412 in
625 3361 714 3412 tuum
735 3349 836 3412 sinum
859 3348 928 3430 fugi

130 3453 176 3514 Et
198 3451 255 3514 me'
270 3451 418 3514 recuravi
440 3451 570 3535 otioque
592 3462 625 3512 et
645 3449 761 3513 urtica.

130 3553 241 3631 Quare
262 3552 404 3615 relectus
422 3552 577 3616 'maximas
599 3551 657 3614 tibi
681 3563 790 3634 grates

128 3656 228 3738 Ago,
254 3676 354 3716 meum
378 3657 464 3738 quod
486 3676 549 3718 non
572 3675 605 3716 es
628 3654 693 3715 ulta
714 3663 894 3735 peecatum.

127 3758 201 3819 Nee
223 3758 381 3837 deprecor
402 3755 486 3830 iam,
511 3755 540 3817 si
561 3754 681 3817 nefaria
705 3755 823 3834 scripta

127 3856 213 3920 Sesti
234 3878 391 3938 necepso,
420 3857 502 3940 quin
519 3855 725 3940 gravedinem
747 3867 779 3916 et
800 3854 915 3916 tussim-

127 3959 203 4022 Non
226 3960 287 4034 ml,
312 3961 366 4020 sed
389 3958 452 4041 ipsi
473 3957 585 4021 Sestio¹
602 3957 687 4020 serat
708 3957 831 4040 frigus,

125 4059 191 4140 Qui
213 4072 290 4122 tune
311 4071 407 4123 vorat
429 4081 498 4136 me,
523 4080 621 4144 quom
643 4060 758 4120 malum
781 4059 896 4121 librum
920 4058 1009 4142 legit.
1113 4125 1122 4134 ,
