2952 4826
117 376 207 460 Quid
226 383 383 461 nequeat;
406 369 495 436 finita
515 381 659 456 potestas
677 370 812 457 denique
832 371 974 457 quoique

116 481 264 561 Quanam
287 476 328 540 sit
349 475 476 540 ratione
499 487 594 561 atque
619 474 682 539 alte
704 473 859 539 terminus
879 474 1026 538 haerens.

188 583 285 663 Quod
307 588 469 662 superest,
492 588 580 642 nete
602 576 634 640 in
657 575 828 660 promissis
847 576 941 658 plura
962 593 1143 649 moremur,

122 681 292 766 Principio
316 679 416 744 maria
440 703 479 744 ae
498 691 603 744 terras
629 681 812 765 caelumque
836 689 946 742 tuere:

123 787 271 867 Quorum
290 794 432 846 naturam
455 781 632 864 triplicem,
655 781 718 844 tria
741 802 901 863 corpora,
925 778 1079 855 Memmi,

122 887 220 952 Treis
243 885 366 968 species
387 897 450 948 tam
470 882 668 960 dissimileis,
691 883 754 948 tria
774 882 851 947 talia
869 893 973 959 texta,
1203 879 1243 944 95

121 991 196 1054 Una
221 987 289 1052 dies
311 986 397 1050 dabit
421 985 522 1051 exitio
553 987 734 1072 multosque
756 1007 815 1068 per
836 1006 937 1048 annos

124 1095 308 1156 Sustentata
327 1100 398 1153 ruet
420 1089 521 1154 moles
541 1099 573 1152 et
595 1087 741 1152 maehina
765 1086 885 1152 mundi.

188 1195 262 1256 Nee
283 1213 333 1255 me
352 1190 447 1254 animi
465 1189 567 1266 saliit,
591 1213 685 1277 quam
708 1210 760 1255 res
783 1212 870 1255 nova
889 1189 1033 1276 miraque
1055 1187 1151 1252 menti

124 1294 282 1370 Aecidat,
305 1292 436 1357 exitium
456 1292 537 1357 caeli
556 1305 726 1379 terraeque
745 1293 907 1367 iuturnm3

125 1399 172 1461 Et
190 1419 284 1482 quam
304 1394 431 1458 difficile
447 1393 482 1458 id
504 1393 580 1459 mihi
599 1395 641 1458 sit
662 1394 853 1479 pervincere
872 1392 985 1458 dietis:
1187 1391 1248 1453 100

126 1500 174 1562 Ut
194 1500 250 1574 fit,
274 1497 329 1560 ubi
352 1496 513 1563 insolitam
532 1519 599 1562 reni
623 1507 775 1581 apportes
797 1495 926 1560 auribus
945 1507 1017 1558 ante

126 1603 201 1666 Nee
218 1612 322 1663 tamen
345 1602 428 1664 hanc
449 1599 556 1683 possis
573 1600 742 1664 oculorum
764 1602 901 1664 subdere
921 1597 992 1662 visu

127 1706 200 1768 Nec
221 1703 328 1767 iacere
350 1701 427 1765 indu
446 1723 572 1779 manus,
595 1701 649 1764 via
672 1724 734 1787 qua
757 1701 876 1765 munita
897 1699 973 1764 fidei

129 1808 297 1871 Proxuma
319 1804 385 1869 fert
404 1806 574 1867 humanum
595 1803 628 1867 in
649 1815 762 1886 peetus
782 1803 965 1888 templaque
986 1801 1112 1866 mentis.

130 1908 195 1970 Sed
214 1918 318 1972 tamen
341 1909 488 1971 effabor:
513 1905 607 1970 dietis
628 1905 716 1969 dabit
735 1905 806 1988 ipsa
827 1907 923 1968 iidem
945 1925 997 1968 res
1187 1904 1248 1966 105

129 2009 280 2073 Forsitan
302 2019 333 2071 et
351 2008 497 2092 graviter
516 2020 675 2073 terrarum
699 2007 840 2072 motibus
862 2007 944 2072 ortis
1161 2017 1164 2026 ’

131 2109 249 2176 Omnia
272 2111 480 2196 conquassari
500 2109 533 2173 in
553 2132 658 2194 parvo
681 2123 828 2193 tempore
853 2131 984 2174 cernes:
1057 2181 1060 2188 Δ

131 2213 230 2294 Quod
250 2213 368 2295 procul
391 2212 521 2279 anobis
541 2214 650 2277 flectat
669 2215 819 2277 Fortuna
841 2215 1040 2296 gubernans;

130 2317 177 2378 Et
198 2313 283 2378 ratio
305 2314 526 2400 potiusquam
548 2336 601 2379 res
620 2318 809 2398 persuadeat
827 2313 915 2398 ipsa,

131 2416 306 2480 Succidere
328 2415 504 2481 horrisono
525 2439 620 2499 posse
644 2417 751 2483 omnia
772 2416 858 2481 vieta
876 2413 1025 2499 fragore.
1188 2418 1251 2478 110

197 2519 269 2599 Qua
290 2517 381 2600 prius
403 2518 577 2602 aggrediar
599 2541 695 2604 qnam
713 2523 752 2581 de
773 2519 963 2582 refundere
984 2517 1049 2579 fata

132 2619 281 2684 Sanctius
302 2631 334 2683 et
353 2620 452 2684 multo
473 2631 561 2684 certa
583 2620 709 2685 ratione
730 2619 831 2705 magis
854 2643 948 2705 quam
1007 2647 1008 2650 ¹

131 2721 270 2802 Pythia,
293 2743 374 2808 quae
395 2721 526 2805 tripode
545 2743 563 2786 e
582 2721 713 2788 Phoebi
734 2721 890 2808 lauroque
913 2723 1081 2806 profatur,

131 2825 240 2888 Multa
261 2823 320 2888 tibi
343 2825 510 2908 expediam
532 2825 638 2890 doctis
659 2825 773 2890 solatia
795 2823 906 2890 dictis:

133 2926 308 3010 Religione
329 2927 508 2990 refrenatus
528 2949 568 2990 ne
589 2928 677 2993 forte
697 2926 801 2992 rearis

135 3033 256 3093 Terras
278 3039 309 3092 et
331 3029 450 3105 solem,
474 3031 611 3106 eaelum,
635 3051 738 3108 mare,
762 3029 884 3109 sidera,
907 3031 1013 3094 lunam

134 3129 290 3212 Corpore
312 3131 422 3194 divino
444 3134 562 3196 debere
585 3142 712 3196 aeterna
733 3155 855 3209 meare3

133 3235 380 3318 Proptereaque
403 3243 495 3314 putes
516 3232 583 3295 ritu
604 3255 664 3316 par
685 3255 753 3298 esse
776 3236 963 3319 Gigantum

133 3336 283 3399 Pendere
305 3357 361 3400 eos
383 3356 505 3418 poenas
527 3334 657 3398 immani
678 3342 741 3418 pro
761 3337 883 3400 scelere
908 3335 1048 3412 omneis,

135 3435 220 3517 Quei
239 3435 365 3501 ratione
385 3458 440 3500 sua
461 3437 640 3501 disturbent
663 3437 790 3502 moenia
810 3438 920 3500 mnudi
1193 3439 1253 3500 120

134 3538 409 3623 Praeclarnmqne
429 3537 530 3602 velint
550 3539 632 3602 caeli
649 3537 850 3624 restinguere
870 3538 989 3615 solem,

134 3639 335 3703 Immortalis
359 3639 489 3705 mortali
505 3662 652 3705 sermone
674 3651 836 3706 notantes.

134 3797 262 3864 ἐφικτὸν
287 3797 459 3873 ἡμετέροις,
489 3793 613 3875 ἢχερσὶ
629 3802 746 3867 λαβεῖν,
775 3798 850 3872 ἤπερ
868 3818 899 3854 τε
916 3803 1043 3870 μεγίστη
1062 3800 1184 3867 πειθοῦς
1200 3799 1256 3856 oiv-

134 3869 301 3941 ιἔτρώιιοισαι
318 3866 468 3936 ἁμαξιτὸς
484 3874 526 3935 εἰς
538 3873 634 3944 φρένα
651 3874 757 3924 πίπτει.
794 3871 851 3918 106.
872 3875 946 3920 Wai.
960 3874 1082 3919 distinxit:
1102 3879 1126 3918 et
1140 3877 1255 3935 graviter

135 3947 280 3997 terrarum,
300 3942 407 3988 motibus
425 3943 503 3996 ortis,
524 3941 615 3987 Omnia
632 3943 815 4002 conquassari,
842 3947 867 3988 ut
885 3945 1031 3988 constructio
1048 3949 1127 3989 esset:
1147 3945 1255 3989 motibus

135 4011 201 4056 ortis
220 4014 389 4070 conquassari
405 4013 491 4058 omnia
510 4017 653 4066 terrerum
680 4013 721 4056 sed
746 4017 770 4057 et
787 4011 905 4056 Latinitas
923 4014 974 4066 ipsa
994 4017 1018 4056 et
1036 4013 1108 4056 totins
1127 4015 1173 4059 tori
1193 4017 1255 4058 ratio

135 4080 183 4124 hoc
201 4082 321 4136 postulat:
341 4087 365 4126 et
382 4081 468 4128 omnia
485 4082 654 4140 conquassari
670 4081 734 4126 ortis
752 4086 879 4125 terrorum
897 4080 1014 4130 motibus.
1042 4083 1107 4127 Mate
1122 4083 1152 4128 C.
1173 4083 1201 4128 1..
1224 4084 1254 4131 11.

135 4148 208 4193 orbis
227 4161 270 4204 pro
288 4150 361 4197 ortis.
409 4149 467 4199 108.
488 4155 581 4195 aarum
598 4151 746 4210 gubernans
762 4149 791 4194 C.
811 4164 864 4194 enm
883 4151 936 4196 eliis
955 4150 1016 4196 cad.
1036 4153 1117 4210 „qnod
1136 4167 1149 4196 e
1168 4166 1191 4197 r.
1213 4141 1258 4198 78.v

136 4219 184 4262 1100
202 4220 343 4263 translatum
361 4222 424 4266 est.'’
441 4219 517 4264 Forb.
556 4217 614 4265 113.
634 4235 650 4266 α
669 4221 698 4265 C.
709 4219 770 4264 Edd.
783 4222 840 4267 vett.
852 4221 895 4266 W.
914 4221 962 4266 Sed
974 4235 986 4264 a
999 4222 1044 4266 Ar.
1056 4221 1086 4266 n.
1099 4220 1190 4266 Eiohst.
1203 4221 1255 4265 Cfr.

136 4285 194 4332 Lib.
210 4284 241 4341 1,
256 4284 315 4333 710.
334 4323 336 4328 .
354 4287 413 4336 117.
432 4302 535 4335 munere
547 4289 577 4336 L.
591 4289 622 4340 11.
640 4293 723 4337 eontra
735 4289 795 4336 Gdd.
804 4322 811 4348 ‚
831 4290 904 4337 stiam
919 4289 949 4338 G.
963 4289 993 4336 E.
1127 4289 1129 4292 ’
1237 4285 1240 4292 ⁴

189 4369 279 4424 Eetogas
293 4369 349 4414 Pott.
364 4371 409 4414 tar.
985 4372 1006 4434 l}
