2948 4820
1198 215 1261 280 385

228 367 337 432 Cruda
360 370 447 432 velut
470 391 606 452 quernas
629 371 759 455 glandes
782 382 910 434 ructare
933 373 1067 438 colonos

310 473 362 535 Ae
384 474 486 534 verna
508 483 627 536 tantum
649 473 804 536 stridula:
1219 477 1260 540 10

224 574 335 638 Verba
359 596 440 639 sono
464 578 562 638 duros
584 575 704 658 lapides
724 575 911 662 rigidasque
932 577 1037 640 nivosi

289 663 462 759 'nuptura
485 691 606 740 crustas
628 677 777 741 fluminis.

223 781 269 843 Ut
292 792 448 862 nequeant
471 769 623 864 quaedam
648 779 762 842 Tacito
785 791 898 843 testata
921 779 1033 865 negari

307 885 378 946 Nec
401 904 494 946 omne
517 905 570 945 rus
594 882 806 957 defenderim,

229 985 344 1048 Altera
368 1007 450 1046 nume
473 984 544 1046 aevi
564 983 665 1046 facies
689 1004 849 1066 versoque
871 965 998 1047 theatro
1222 986 1260 1050 15

314 1087 443 1148 Mutata
467 1106 578 1147 scaena
603 1085 742 1166 prodiit:

228 1189 311 1250 Nam
334 1187 462 1248 summis
486 1188 611 1248 exculta
635 1187 712 1248 viris
734 1187 922 1249 Alcmanuia
945 1188 1059 1261 floret3

314 1289 461 1352 Summos
484 1290 571 1374 dalrit
593 1289 744 1353 Polonia.

229 1393 281 1458 Ac
302 1392 362 1455 nisi
385 1391 521 1454 Gradivi
543 1393 636 1454 furor
660 1394 844 1472 obstrepat,
869 1403 978 1453 extera
1002 1411 1109 1475 regna,

314 1494 557 1576 Saturniumque
580 1503 775 1574 provocent.
1220 1495 1261 1557 tto

229 1597 269 1659 ld
291 1599 430 1680 gaudens
455 1595 595 1670 miraris,
619 1597 715 1670 Ado,
740 1615 931 1679 causamque
953 1595 1110 1679 requiris3

311 1697 450 1761 Divino:
474 1697 583 1777 paucis
607 1697 730 1777 accipe.

231 1803 284 1862 Ex
306 1821 371 1882 quo
394 1800 588 1863 Parnassum
611 1791 809 1861 uastantibus
832 1799 938 1862 omnia
963 1799 1079 1862 'sumis

315 1901 485 1990 Destrnxit
508 1901 591 1964 ensis
615 1900 794 1977 Thracius,
1064 1900 1066 1904 ’

229 2005 394 2087 Expulsae
416 2002 519 2085 patria
543 2005 659 2066 Musae
682 2023 806 2066 cessere
829 2004 969 2086 Pelasga

315 2105 456 2189 Quaevis
478 2125 537 2169 sno
561 2126 633 2167 eum
653 2105 795 2168 barbito.

231 2207 376 2272 Detinuit
397 2207 554 2288 profugas
576 2206 704 2269 Latium
725 2207 900 2268 clementer
923 2207 1080 2281 alumnas,

314 2313 500 2392 Aedemque
523 2319 555 2370 et
578 2326 647 2370 aras
671 2307 799 2371 obtulit.

231 2415 276 2477 Ut
299 2425 402 2476 tamen
424 2410 586 2495 ingenium
609 2411 680 2472 leve
702 2410 917 2493 cuiuscunque
939 2409 1066 2492 puellae
1089 2420 1138 2472 est

314 2514 463 2578 Viventis
485 2525 579 2576 extra
602 2512 781 2594 patriam3·
1223 2511 1265 2573 30
1307 2495 1310 2504 .

233 2615 388 2698 Quamvis
411 2615 531 2678 eximiis
555 2616 739 2678 colerentur
760 2614 938 2677 honoribus
960 2613 1044 2689 illic,

213 2706 214 2710 Ἰ
316 2721 429 2782 Sedem
453 2718 745 2804 negaruntlfigere.

233 2821 347 2886 Haesit
369 2821 434 2882 dira
458 2821 556 2882 semel
579 2819 742 2901 dulcisque
766 2816 883 2898 cupido
907 2817 1056 2900 vagandi.

319 2923 426 2985 Odere
450 2916 643 2984 Terminalia

201 3023 203 3026 ’
235 3024 523 3106 Claustrornmque
540 3045 659 3086 moras.
691 3021 897 3085 Muliebriter
913 3020 1018 3084 omnia
1032 3021 1187 3095 lustrant,
1227 3019 1268 3081 35

317 3127 420 3190 Viros
432 3149 453 3202 ,·
467 3127 607 3208 plateas,
632 3125 786 3206 compita.

233 3228 281 3292 At
303 3229 400 3291 solito
423 3229 526 3291 Divae
549 3249 588 3289 ne
611 3227 840 3310 dignoscantur
864 3225 997 3301 amictu,

318 3329 359 3390 In
381 3341 470 3390 veste
493 3330 629 3411 migrant
652 3327 782 3392 comica.

235 3431 351 3511 Nuper
373 3430 456 3510 apud
480 3431 622 3492 Gratiam
645 3428 787 3491 citharae
810 3450 907 3512 quom
929 3430 982 3491 lila
1004 3426 1153 3504 ferirem,

319 3533 467 3614 Repente
489 3530 564 3596 Clio
586 3530 750 3605 substitit,
1228 3527 1272 3589 40
1326 3519 1331 3530 ’

237 3637 285 3701 Os
307 3634 514 3718 hahitumque
538 3653 653 3718 gerens
677 3631 845 3717 quatientis
867 3631 961 3694 sistra
984 3631 1110 3712 Canopi

321 3737 546 3821 Aegyptiacus
571 3735 745 3820 Cingarae.
795 3765 796 3768 ¹

234 3844 356 3905 Laetus
379 3851 411 3902 et
432 3840 606 3924 ignorans,
630 3836 803 3921 peregrina
825 3857 938 3899 numen
962 3834 1096 3899 amicum

319 3945 440 4005 Latere
462 3943 522 4004 sub
544 3939 729 4022 ferrugine,

236 4044 367 4130 Flagito
390 4042 615 4125 contemptim,
645 4041 720 4104 visis
743 4053 779 4104 ut
800 4043 882 4105 Fata
903 4041 1047 4104 recludat
1232 4037 1272 4101 tt

320 4148 439 4210 Manus
462 4144 608 4207 sinistrae
631 4144 742 4208 lineis:

238 4247 443 4332 Porrexiqne
464 4268 610 4320 manum,
634 4245 743 4331 specie
765 4247 919 4323 ludentis,
945 4254 1088 4327 apertam·

204 4352 293 4404 nerag„
308 4349 364 4391 roes
379 4349 423 4390 ιιι
997 4345 1038 4408 25
