2964 4814
219 191 280 254 lat

278 350 453 431 Aureaque
475 344 623 410 Aesonio
646 355 738 428 terga
759 343 860 426 petita
883 343 981 407 duci?

216 449 366 516 Carmina
390 447 533 510 sublimis
556 459 631 509 tunc
656 457 728 508 sum
749 444 892 527 peritura
915 445 1068 520 Lucreti,

278 549 390 614 Exitio
413 561 516 611 terras
541 569 639 630 quom
662 545 749 609 dabit
771 568 830 610 una
856 547 936 610 dies.

217 651 350 732 Tityrus
373 663 404 714 et
428 659 555 733 segetes
581 650 768 729 Aeneiaque
791 669 875 710 arma
900 650 1064 733 legentur,

272 754 402 837 ¹Roma,
426 748 613 830 triumphati
635 751 707 810 dum
730 761 827 830 caput
850 749 938 811 orbis
962 750 1039 813 eris.

214 854 330 917 Donec
353 862 445 914 erunt
468 850 557 934 ignes
580 869 737 932 arcusque
761 847 928 930 Cupidinis
954 869 1064 925 arma,

277 954 450 1017 Discentur
472 950 614 1026 numeri,
640 951 723 1013 culte
748 950 895 1026 Tibulle,
921 952 978 1013 tui.

217 1056 329 1118 Gallus
353 1066 384 1117 et
406 1053 575 1135 Hesperiis
600 1063 632 1114 et
654 1051 765 1115 Gallus
787 1063 882 1114 notus
909 1043 1001 1116 Eois*

278 1159 322 1220 Et
343 1177 399 1218 sua
421 1177 491 1218 cum
520 1155 616 1218 Gallo
641 1165 715 1216 nota
739 1153 880 1232 Lycoris
904 1155 976 1216 erit.

216 1260 310 1344 Ergo
333 1279 431 1340 quom
452 1256 579 1329 silices,
603 1275 700 1340 quom
723 1257 799 1317 dens
822 1255 971 1336 patientis
998 1257 1097 1321 aratri

278 1360 461 1440 Depereant
485 1379 585 1433 aevo,
610 1355 748 1419 carmina
772 1368 875 1420 morte
897 1370 1019 1420 carent.

217 1461 343 1525 Cedant
366 1460 555 1524 carminibus
577 1479 671 1544 reges
694 1478 872 1542 regumque
896 1459 1071 1540 triurnphi;

273 1562 384 1628 Cedat
407 1573 438 1625 et
460 1560 592 1624 auriferi
618 1562 688 1642 ripa
711 1561 804 1624 beata
827 1561 925 1644 Tagi.

215 1663 304 1728 Vilia
328 1664 467 1726 miretur·
483 1663 622 1745 vulgus;
645 1662 719 1724 mibi
740 1662 842 1724 flavus
866 1664 989 1746 Apollo

280 1765 404 1829 Pocula
426 1764 585 1829 Castaliae
608 1764 699 1845 plena
723 1763 879 1826 ministret
901 1785 1024 1848 aquae,

217 1866 457 1949 Sustineamque
480 1887 569 1928 coma
594 1877 783 1928 metuentem
803 1865 929 1950 frigora
953 1880 1109 1947 myrtum,

276 1970 387 2050 Atque
410 1989 427 2030 a
448 1968 588 2031 sollicito
612 1969 725 2030 mullus
749 1977 873 2030 amanto
895 1970 999 2052 legar.

215 2069 364 2134 Pascitur
385 2069 416 2130 in
439 2069 523 2130 vivis
546 2066 672 2143 Livor;
696 2080 772 2150 post
795 2069 862 2131 fata
887 2070 1046 2154 quiescit,

278 2172 385 2251 erom
409 2192 483 2232 suus
506 2192 546 2233 ex
570 2170 682 2232 rnerito
706 2192 864 2254 quemque
887 2182 993 2234 tuetur
1015 2175 1135 2237 honor.

214 2273 307 2356 Ergo
331 2273 442 2346 etiam,
467 2294 564 2354 quoru
588 2293 636 2334 me
658 2293 825 2352 supremus
849 2273 990 2336 adederit
1011 2274 1111 2358 ignis,

277 2373 394 2437 Vivam
417 2395 556 2458 parsque
580 2373 639 2436 mei
662 2375 758 2436 multa
781 2386 945 2457 superstes
969 2375 1044 2438 erit.

446 2562 598 2626 AMOR.
622 2561 702 2622 Lan.
724 2560 790 2624 Ill.
836 2561 1013 2623 ELEGIA
1035 2561 1103 2624 IX.

213 2684 391 2746 Memnona
413 2681 441 2743 si
465 2694 582 2756 mater,
609 2693 707 2743 {trater
728 2680 871 2761 ploravit
892 2679 1071 2755 Achillem,

277 2787 321 2847 Et
341 2795 476 2866 tangunt
499 2803 629 2866 magnas
651 2782 753 2845 tristia
778 2781 843 2844 fata
867 2785 961 2856 deas,

213 2885 346 2948 Flebilis
369 2885 532 2967 indiguos,
558 2884 712 2967 Elegeia,
739 2884 830 2945 solve
854 2885 996 2964 capillos.

278 2987 330 3050 Ah
354 2985 444 3047 nimis
467 3006 506 3046 ex
531 3005 610 3048 vero
634 3007 717 3046 nrrnc
739 2985 798 3047 tibi
822 3006 935 3048 nomen
959 2983 1038 3048 erit!

213 3089 274 3150 Ille
296 3087 343 3148 tui
367 3099 453 3149 vates
477 3087 606 3194 operm,
630 3098 684 3149 tua
704 3086 805 3162 lama,
831 3087 978 3149 Tibullus
1318 3095 1339 3155 5

282 3285 324 3332 23.
345 3287 446 3333 subtilia
463 3290 546 3333 Bur-th.
569 3291 634 3333 coni.
683 3287 725 3336 24.
746 3291 798 3334 imo
817 3291 882 3334 scal.
902 3289 947 3334 clr.
968 3291 1041 3334 Lucr.
1062 3288 1087 3346 5,
1108 3288 1150 3336 26.
1200 3287 1241 3334 25.
1263 3304 1336 3351 asga-

212 3363 249 3401 tss
269 3358 344 3402 Codd.
360 3357 420 3401 Edd.
440 3363 509 3412 velt.,
531 3364 556 3401 ut
581 3360 723 3413 respiciatur
746 3360 838 3402 initiunt
860 3358 1006 3418 Georgicon.
1019 3355 1117 3418 fruges
1133 3372 1162 3402 ex
1185 3361 1241 3402 aliis
1258 3360 1335 3406 Codd.

213 3419 327 3483 praetulit
347 3427 429 3472 Heius.
485 3424 527 3472 26.
548 3429 597 3471 erit
615 3427 682 3472 labo.
738 3426 780 3473 29.
801 3427 929 3475 Cornelius
954 3428 1037 3472 Gallus
1051 3425 1242 3480 Foroiuliensiu,
1264 3442 1335 3485 quae·

213 3499 260 3540 sita
272 3501 349 3540 auerte
363 3497 546 3554 quadragesimo
563 3500 648 3540 aetatis
661 3510 722 3540 anrro
734 3497 794 3540 obiit
807 3496 941 3551 praelectus
954 3498 1071 3556 Aegypto.
1088 3512 1110 3541 a.
1126 3511 1149 3540 u.
1167 3512 1188 3540 c.
1205 3494 1264 3542 728.
1282 3497 1336 3542 cn.

213 3567 282 3624 Virg.
302 3565 355 3609 Ecl.
378 3564 402 3619 6,
424 3562 464 3610 66.
485 3565 537 3608 Ecl.
560 3561 601 3609 1⁰.
658 3561 699 3608 ll.
721 3565 831 3624 benigna
850 3566 909 3617 alii,
939 3567 953 3612 i.
976 3581 997 3609 e.
1022 3565 1125 3621 fertilis;
1149 3565 1236 3618 beatu,
1259 3568 1334 3611 dives.

124 3627 126 3630 ¹
214 3631 255 3679 36.
276 3632 390 3678 Castalia
410 3658 419 3668 -
438 3647 503 3691 oque
523 3634 639 3691 plerique.
677 3634 757 3687 „Fere
782 3647 878 3688 semper
905 3633 975 3678 ovid.
995 3635 1099 3691 plentius
1118 3648 1171 3678 cum
1195 3647 1250 3692 gen.
1279 3649 1335 3678 con·

213 3703 310 3747 struit.”
327 3703 411 3746 Heius.
468 3699 509 3745 ll'.
532 3701 602 3745 Tunc
621 3703 685 3754 Alii,
707 3704 767 3746 urrde
787 3703 859 3746 lahn:
881 3701 954 3746 Tuus.
1016 3701 1059 3747 42.
1079 3704 1158 3746 maella
1177 3703 1253 3748 Codd.
1274 3703 1336 3748 Edd.

207 3777 270 3830 ¹vett.
291 3773 375 3817 Burin.
398 3794 430 3804 -
449 3783 544 3830 anagnu
564 3785 576 3815 e
595 3771 669 3816 Codd.
692 3769 716 3815 2.
737 3771 800 3815 Cios.
821 3772 904 3816 Heius.

560 3875 662 3920 AMOR.
682 3877 736 3920 Lae.
758 3877 801 3921 lll.
831 3875 926 3923 stuc.
948 3877 994 3921 tx.

189 3961 191 3966 ’
284 3970 325 4016 14.
345 3971 450 4030 rustris]
465 3975 546 4028 plures
564 3973 651 4028 Codd.,
672 3975 734 4030 quod
753 3974 847 4017 collatis
862 3975 932 4031 Virg.
952 3973 1014 4018 Aera.
1037 3971 1078 4026 ill,
1100 3970 1159 4020 635.
1180 3979 1203 4020 et
1226 3975 1282 4019 Tib.
1304 3974 1338 4029 2,

214 4040 244 4094 5,
265 4037 307 4085 69.
329 4044 408 4098 ntique
436 4043 618 4096 praeferendum
647 4043 780 4086 videbatur.
806 4043 878 4086 tertis
906 4043 1012 4100 vulgo„
1056 4040 1098 4087 18.
1120 4049 1212 4100 putent
1231 4043 1277 4087 Ed.
1298 4056 1337 4098 pr.

213 4108 313 4154 Tibulli.
338 4123 362 4154 v.
385 4109 489 4154 Disseuli
510 4111 631 4165 Supptem.
655 4112 684 4154 ad
707 4112 796 4156 Wund.
818 4113 855 4156 ed.
876 4125 899 4166 p.
922 4109 963 4154 62.
984 4125 1028 4169 qua
1055 4112 1082 4154 ds
1102 4126 1129 4157 rc
1155 4111 1200 4156 clr.
1221 4112 1341 4156 Heindorf

212 4182 242 4224 ad
259 4179 344 4224 Horat.
364 4178 442 4222 serm.
465 4177 497 4232 1,
519 4176 549 4232 l,
582 4175 624 4222 24.
654 4179 788 4224 Gerrhard.
813 4185 838 4225 et
861 4181 941 4224 Beier.
969 4183 996 4222 ad
1022 4180 1074 4224 Cic.
1101 4185 1129 4225 ds
1149 4181 1191 4224 off.
1213 4179 1238 4234 l,
1259 4178 1289 4234 2,
1312 4180 1337 4226 ⁵.

213 4243 254 4292 23.
276 4247 311 4290 lta
340 4249 368 4290 de
390 4247 453 4294 coni.
477 4248 540 4290 Scal.
564 4253 586 4290 et
613 4248 695 4294 lleius.
725 4248 801 4295 Codd.
824 4250 937 4293 meliores
966 4254 1065 4306 utroque
1102 4251 1157 4294 loco
1179 4247 1212 4293 Et
1240 4248 1340 4306 Linum
