2946 4816
103 375 245 457 Legerat
267 368 412 442 Stadius;
435 387 496 430 neu
518 365 601 430 dieta
623 385 746 450 repone
768 375 927 447 paternae

101 472 261 549 „Feunris
284 472 414 536 accedat
436 488 573 541 merces;
597 466 670 530 hino
692 467 794 531 exime
817 477 960 550 sumptus
975 469 1010 531 !’'
1035 497 1075 508 -

101 576 209 658 „Quid
224 573 382 658 reliquom
403 569 502 634 est?'’
525 601 567 614 -·
589 568 805 654 „Reliquomi
828 590 929 645 niune,
954 589 1038 631 nume
1058 567 1180 649 impen-

863 671 926 734 sius
949 692 1055 754 unge,

102 782 215 865 Urge,
239 800 340 861 puer,
365 775 482 840 caules.
528 773 612 836 Mihi
634 775 715 838 festa
739 774 808 836 luce
831 784 991 856 coquntur

101 883 213 948 Urtica
236 893 267 943 et
289 881 364 944 fissa
385 879 542 943 fumosum
565 875 702 958 sinciput
725 897 818 953 arare,

101 987 146 1050 Ut
167 997 241 1047 tuus
262 983 321 1046 iste
343 1002 444 1063 nepos
468 979 542 1042 olim
564 988 652 1041 satur
675 978 793 1040 auseris
817 977 919 1053 extis,

101 1089 209 1166 Quom
233 1105 363 1148 morosa
385 1103 471 1167 vago
493 1080 656 1164 singultiet
677 1080 805 1164 inguine
828 1101 928 1157 vena,

101 1187 263 1253 Patriciae
284 1185 422 1248 immeiat
446 1182 581 1247 vulvae?
603 1182 678 1245 mihi
700 1194 800 1245 trama
822 1183 946 1266 figurae

101 1291 151 1354 sit
172 1288 314 1372 reliqua,
339 1299 386 1349 ast
409 1286 455 1349 illi
477 1296 592 1348 tremat
616 1296 744 1348 umento
766 1304 854 1367 popa
876 1283 1038 1354 venter?’'
1062 1321 1102 1332 —-

100 1395 217 1456 Vende
240 1390 372 1453 animam
395 1389 506 1450 litero:
529 1407 671 1450 ntereare
694 1399 788 1471 atque
811 1398 925 1449 excute
948 1387 1065 1452 sollers
1182 1389 1221 1450 75

101 1495 311 1560 Omuelatus
335 1490 459 1554 ruundi:
482 1513 522 1554 ne
545 1490 584 1552 sit
605 1489 824 1571 praestantior
846 1490 927 1552 alter

101 1597 315 1680 Cappadocas
337 1595 439 1679 rigida
461 1593 598 1677 pingues
620 1592 773 1675 plausisse
796 1604 938 1656 catasta:

100 1702 183 1764 Rem
208 1699 346 1780 duplica.
371 1732 411 1744 -
434 1695 556 1769 „Fecit
582 1698 640 1758 iarn
665 1695 800 1775 triplex,
826 1695 886 1756 ianr
909 1693 984 1756 mihi
1007 1705 1141 1779 quartu,

99 1803 172 1864 lam
194 1800 297 1863 decies
320 1798 456 1862 reditio
479 1819 605 1884 rugam.
650 1796 830 1880 Depunge‚
854 1795 907 1859 ubi
930 1797 1073 1860 sistam.''
1097 1833 1137 1844 -

98 1905 278 1977 Inventus,
303 1899 504 1984 Chrysippe‚
530 1899 576 1963 tui
597 1899 706 1962 finitor
728 1898 848 1962 acervi.
1182 1901 1224 1963 80
1294 1920 1299 1924 ·

173 2101 215 2147 66.
235 2121 267 2138 -
293 2100 381 2146 Staius
403 2100 434 2146 E.
465 2122 495 2133 -
522 2099 632 2160 Legerat
649 2099 689 2144 irie
708 2099 806 2145 Tadius
825 2102 857 2146 V.
886 2122 915 2134 -
940 2099 1053 2161 Legerat
1074 2100 1168 2146 studiis
1189 2103 1220 2148 R.

100 2173 138 2216 lb.
167 2194 196 2205 -
223 2184 269 2215 nee
288 2170 355 2214 dicta
374 2171 404 2214 ll.
453 2169 490 2214 llr.
510 2193 543 2204 -
561 2183 655 2229 oppone
673 2170 703 2216 F.
755 2168 795 2214 68.
818 2191 847 2202 -·
867 2184 933 2214 nunc
950 2183 1017 2214 nune
1035 2171 1086 2214 iam
1108 2171 1169 2228 imp.
1190 2175 1220 2216 V.

102 2239 143 2286 69.
172 2266 204 2275 -
228 2246 346 2298 coquetur
372 2239 474 2284 RVEM.
523 2236 565 2284 77.
594 2236 737 2298 singultiet]
755 2237 845 2283 Omnes
868 2240 925 2283 mei.
976 2237 1017 2284 73.
1037 2258 1070 2282 .-
1089 2240 1167 2284 meiat
1190 2241 1221 2285 Τ.

101 2308 143 2355 77.
172 2330 207 2345 -·
233 2308 281 2355 Est
306 2309 403 2368 reliqua
418 2310 447 2354 F.
499 2306 541 2354 75.
570 2331 603 2342 --
631 2310 703 2353 luero
724 2314 748 2352 et
768 2322 882 2352 mercare
905 2309 957 2353 ΤΑ.
1007 2307 1048 2354 76.
1073 2323 1118 2352 nec
1136 2310 1172 2354 sit
1189 2313 1221 2356 V.

101 2377 144 2425 77.
173 2399 208 2412 -
232 2375 392 2437 Cappadoces
414 2379 445 2423 Τ.
484 2379 520 2423 lb.
545 2376 686 2438 plausisse]
714 2379 746 2422 V.
772 2402 804 2411 -
823 2378 948 2422 clausisse
966 2377 996 2421 E.
1018 2400 1047 2410 -
1063 2379 1220 2435 planxisse;

100 2451 124 2493 iu
142 2463 221 2508 marg.
240 2451 273 2494 al.
293 2449 417 2494 clausisse
436 2449 465 2496 fl.
484 2469 520 2485 -·
533 2447 635 2506 pauisse
655 2447 735 2491 ΤΑΜ.
774 2445 815 2492 78.
836 2448 938 2491 —ium
957 2445 1092 2503 duplexl'.
1132 2445 1173 2493 79.
1188 2468 1221 2483 ·-

97 2520 127 2563 in
148 2532 231 2578 rugus
251 2518 281 2562 A.
310 2540 340 2550 -
369 2517 422 2562 Iam
440 2517 507 2563 redit
524 2519 552 2562 in
571 2529 664 2575 rugam
685 2515 770 2561 decies
787 2519 819 2564 V.
875 2517 911 2561 lb.
931 2515 1056 2576 depunge]
1076 2517 1136 2561 Cod.
1155 2518 1220 2562 Pith.

98 2607 133 2622 —
152 2587 261 2647 depinge
278 2586 367 2632 Omnes
381 2589 436 2632 inei.
475 2584 517 2631 30.
536 2607 571 2619 -
589 2586 752 2630 acerriintus
771 2588 802 2631 V.
840 2587 866 2630 ln
881 2585 927 2630 fine
940 2588 995 2632 M.:
1015 2585 1131 2644 Explicit
1145 2585 1218 2646 igno·

98 2663 139 2701 tue
158 2671 210 2714 per
227 2662 302 2701 totum
320 2656 425 2702 Persius
443 2656 536 2700 orbem.

170 2816 214 2863 66.
244 2816 343 2862 Tadius
361 2819 416 2863 rW.
467 2819 503 2863 lb.
523 2831 568 2862 nee
588 2816 657 2863 dieta
678 2831 699 2860 r.
752 2814 792 2862 72.
812 2815 949 2876 singultiet
968 2818 1012 2873 pP.
1063 2815 1104 2864 77.
1122 2818 1225 2874 pauisse

99 2889 165 2932 wW.
207 2885 384 2967 79.'Depinge
403 2901 427 2941 p.

102 2999 254 3012 --——--Q

170 3045 214 3096 ⁶7.
234 3045 339 3092 Fenorie
363 3045 467 3092 accedat
493 3045 600 3106 merres]
620 3049 735 3092 Tractum
753 3053 791 3092 est
808 3048 852 3092 hoc
878 3061 891 3092 a
919 3048 1042 3104 patribus,
1075 3051 1113 3108 qui
1142 3051 1225 3095 dicunt

98 3117 155 3164 filiis
173 3118 244 3162 suis:
276 3119 344 3171 llos,
376 3119 438 3174 quod
460 3117 528 3161 vobis
548 3118 608 3161 lueri
630 3121 659 3162 de
680 3117 764 3163 fauore
783 3119 902 3172 accessit,
928 3120 957 3162 ad
976 3119 1094 3174 fructum,
1125 3121 1221 3174 idest,

99 3191 126 3232 ad
148 3201 220 3232 usum
237 3187 301 3231 vitae
327 3186 395 3230 vobis
423 3183 547 3241 proficiat:
579 3188 699 3244 reliquom
716 3201 775 3231 vero
806 3189 919 3243 pecuniae
940 3194 1062 3233 reservate
1090 3191 1221 3249 integrum.

100 3255 141 3302 77.
172 3253 346 3314 Cappadocae]
377 3255 529 3300 Gladiatores
546 3255 610 3300 dicit.
661 3255 722 3300 Nam
745 3257 804 3311 apud
829 3259 939 3314 antiquos
963 3259 1058 3319 vapules
1075 3260 1222 3318 gladiatores

98 3326 121 3369 in
142 3331 235 3370 cataste
262 3325 424 3380 ponebantur,
458 3326 525 3368 utin
549 3325 585 3368 eie
602 3330 702 3380 possent
722 3327 802 3369 aurinia
825 3327 932 3371 membra
950 3327 1046 3381 inspici.
1095 3330 1139 3372 Vel
1167 3328 1223 3384 quia

99 3394 254 3450 Cappadoces
266 3395 401 3438 dicerentur
415 3393 504 3438 habere
522 3394 626 3438 studium
648 3395 756 3438 naturale
778 3396 807 3438 ad
826 3396 886 3439 falsa
904 3397 1042 3441 testimonia
1056 3397 1200 3451 proferenda
1213 3407 1240 3441 :·

98 3465 137 3520 qui
153 3463 239 3507 nutriti
258 3464 280 3506 in
302 3464 428 3508 tormentis
450 3477 463 3506 a
484 3463 600 3517 pueritia,
621 3467 748 3519 equuleum
766 3463 812 3507 sibl
828 3465 907 3510 facere
927 3466 1052 3519 dicuutur,
1073 3471 1098 3508 ut
1116 3466 1139 3508 in
1154 3478 1182 3508 eo
1195 3478 1222 3508 se

97 3533 202 3577 invicem
230 3537 375 3588 torqueant,
408 3537 431 3576 et
451 3545 523 3590 quom
546 3533 569 3576 in
593 3545 668 3588 poena
691 3535 866 3589 perdurarem,
897 3536 926 3577 ad
944 3534 1006 3577 falsa
1031 3533 1168 3578 testimonia
1194 3536 1220 3578 s'e

97 3603 158 3646 bene
177 3603 350 3646 venundarent.
389 3603 426 3650 lb.
446 3599 559 3658 Favisse]
578 3601 678 3659 Legitur
697 3607 720 3646 et
732 3603 884 3660 plausisse:
903 3604 1015 3660 quoniam
1032 3604 1139 3654 venales,
1153 3607 1221 3646 aute·

97 3685 168 3728 quam
179 3671 204 3714 iu
214 3674 304 3715 catasta
314 3673 478 3725 imponantur,
498 3671 706 3715 cantantuuiversi
719 3673 811 3726 pariter
824 3687 891 3717 inore
903 3673 981 3731 gentis
994 3685 1060 3716 suae.
1116 3668 1158 3716 80.
1180 3669 1220 3714 ln·

96 3745 194 3795 sentus,
215 3737 366 3799 Chrysippe]
386 3741 533 3795 Chrysippus
552 3741 707 3796 philosophus
726 3743 820 3785 Stoicus
842 3743 1007 3801 syllogismum
1028 3739 1157 3809 σωρίτην
1177 3753 1223 3782 to-

97 3809 178 3863 eavit,
200 3822 270 3865 quem
289 3823 331 3864 per
349 3810 506 3855 adiectionem
526 3813 550 3854 et
567 3811 740 3855 detractionem
758 3823 787 3854 ex
806 3813 885 3856 acervi
902 3811 1052 3856 frumentarii
1066 3809 1222 3855 similitudine

98 3879 214 3923 ostendit.
