2964 4814
146 343 274 411 Annuit
294 341 419 406 invicto
443 342 611 404 caelestum
631 340 759 402 numine
780 350 909 414 rector,

148 449 226 529 Quo
246 456 322 507 tunc
346 455 377 508 et
398 442 493 506 tellus
515 454 609 528 atque
631 439 765 505 horrida
787 450 1049 528 contremuerunt
1073 437 1077 444 ’

148 551 307 634 Aequora
331 543 557 630 concussitque
581 543 731 608 micantia
756 541 862 606 sidera
884 543 1030 604 mundus.

148 653 226 734 Ipse
249 661 351 713 autern
374 670 468 712 caeca
492 659 625 712 mentem
649 645 786 730 caligine
809 646 954 710 Theseus

152 752 308 819 Consitus
330 751 434 816 oblito
456 750 574 814 dimisit
594 761 728 831 pectore
751 759 883 823 cuncta,

153 857 243 937 Quae
267 858 409 917 mandata
432 853 522 936 prius
542 851 700 916 constanti
722 862 824 916 mente
842 852 989 914 tenebat:

153 957 268 1022 Dulcia
290 980 348 1019 nec
373 968 491 1020 maesto
510 954 681 1020 sustollens
704 954 796 1036 signa
816 952 957 1035 parenti,

152 1061 316 1141 Sospitem
339 1060 557 1122 Erechtheum
580 1079 613 1120 se
637 1057 775 1122 ostendit
799 1056 901 1120 visere
922 1065 1066 1136 portum.

151 1165 300 1245 Namque
323 1161 447 1235 ferunt,
471 1159 549 1223 olim
571 1160 663 1223 classi
681 1181 780 1244 quom
800 1158 924 1222 moenia
947 1154 1038 1219 divae

151 1264 367 1347 Linquentem
386 1253 520 1346 'gnatum
544 1262 647 1324 ventis
668 1264 878 1327 concrederet
896 1261 1045 1344 Aegeus,
1114 1308 1119 1316 .

152 1365 247 1430 Talia
272 1365 475 1445 complexum
497 1363 604 1428 iuveni
623 1367 769 1427 'mandata
788 1361 929 1426 dedisse:

154 1469 287 1541 „Gnate
311 1467 389 1530 mihi
405 1468 504 1549 longa
526 1466 697 1532 iucundior
714 1465 805 1528 unice
829 1463 912 1539 vita,

153 1573 275 1644 Gnate,
300 1592 362 1652 ego
386 1591 480 1655 quem
502 1568 534 1631 in
557 1568 672 1632 dubios
695 1590 801 1651 cogor
823 1566 983 1630 dimittere
1006 1585 1113 1640 casus,

153 1671 293 1736 Reddite
316 1671 348 1732 in
371 1683 531 1735 extremae
554 1693 657 1754 nuper
679 1670 756 1734 mihi
777 1673 839 1734 fine
861 1679 1026 1732 senectae:

154 1772 422 1858 Quandoquidem
445 1775 577 1837 fortuna
596 1783 668 1837 tnea
691 1797 728 1838 ac
750 1785 803 1836 tua
826 1771 953 1835 fervida
976 1768 1078 1832 virtus

153 1873 266 1956 Eripit
289 1873 393 1938 invito
417 1874 494 1938 mihi
516 1886 562 1951 te,
586 1877 665 1961 quoi
686 1876 836 1960 languida
858 1877 997 1939 nondum

152 1976 291 2040 Lumina
315 1989 386 2039 sunt
412 1978 500 2061 gnati
523 2001 597 2042 cara
619 1990 757 2041 saturata
780 1981 905 2061 figura:

154 2081 233 2142 Non
257 2100 319 2162 ego
343 2090 374 2141 te
398 2083 537 2163 gaudens
561 2081 689 2145 laetanti
712 2093 846 2162 pectore
869 2080 1008 2154 mittam,

154 2183 226 2243 Nec
248 2192 279 2243 te
301 2181 389 2243 ferre
412 2182 510 2243 sinam
532 2182 682 2246 fortunae
705 2183 797 2267 signa
820 2186 993 2247 secundae.

155 2286 221 2346 Sed
243 2282 381 2363 primum
405 2284 516 2345 multas
539 2306 727 2366 expromam
751 2297 852 2348 mente
874 2284 1040 2370 querelas,

154 2384 314 2449 Canitiem
337 2396 425 2448 terra
448 2397 541 2469 atque
564 2386 672 2450 inluso
695 2388 828 2469 pulvere
849 2388 1004 2461 foedans3

154 2489 234 2550 Inde
257 2485 377 2550 infecta
400 2510 485 2571 vago
508 2493 696 2571 suspendam
720 2489 815 2552 lintea
838 2490 941 2564 malo,

155 2592 299 2652 Nostros
322 2601 355 2651 ut
377 2590 480 2652 luctus
502 2602 695 2676 nostraeque
717 2583 863 2654 incendia
887 2590 999 2653 mentis

75 2773 80 2780 Ι
156 2691 320 2755 Carbasus
343 2694 515 2754 obscurata
538 2695 630 2754 decet
651 2691 817 2776 ferrugine
839 2693 974 2777 Hibera.

156 2794 256 2872 Quod
276 2791 337 2853 tibi
359 2793 386 2854 si
409 2793 511 2855 sancti
534 2795 731 2857 concesserit
753 2794 860 2858 incola
882 2794 988 2870 Itoni,

155 2935 237 2994 ntur.)
274 2935 333 2980 188.
355 2937 470 2992 Virgilius
483 2941 506 2981 h.
522 2941 538 2982 Ι,
553 2939 656 2983 tortasse
669 2941 760 2998 legerat
772 2941 907 2993 intentant,
923 2938 1026 2994 hemi,
1041 2938 1083 2986 95.
1103 2940 1275 2986 Praesentem·

156 3021 201 3066 qne
220 3007 284 3050 uiris
302 3007 424 3049 intentant
441 3008 526 3050 omnin
544 3015 657 3052 inertem.
703 3007 761 3068 193.
781 3010 831 3052 oiri
847 3011 975 3054 Schrader.
1023 3007 1080 3054 tlt.
1101 3010 1213 3054 Formam
1230 3025 1274 3054 nn-

154 3078 249 3135 guineo
268 3076 397 3119 detendunt
409 3077 514 3119 Huschli.
529 3080 557 3120 nd
571 3079 627 3121 Tib.
642 3079 671 3122 ¹1¹.
687 3078 711 3122 2.
724 3093 746 3133 p.
760 3077 819 3122 187.
839 3080 912 3122 Bach.
926 3093 948 3133 p.
961 3075 1020 3123 205.
1060 3075 1117 3124 195.
1135 3086 1276 3138 postponent

156 3147 219 3188 Cod.
234 3146 415 3197 stertetpmb.
431 3147 504 3188 Voss.
561 3144 620 3190 197.
640 3161 685 3190 une
703 3149 799 3191 misera
817 3148 893 3191 Codd.
918 3149 997 3192 Statii.
1024 3149 1092 3204 Quod
1110 3154 1202 3192 rectum
1220 3163 1274 3194 esse

156 3229 194 3257 rne
214 3216 293 3256 docuit
312 3217 401 3257 amicus
421 3204 513 3266 111111,
545 3220 569 3258 et
593 3209 691 3270 propter
713 3223 837 3261 caesuram
855 3223 879 3262 st
897 3223 994 3271 propter
1012 3220 1131 3275 ingratam
1149 3221 1275 3262 elisionem

156 3282 296 3339 diphthongi
315 3285 425 3326 miserus
443 3284 466 3325 in
488 3286 580 3341 vulgata
599 3299 643 3327 oue
662 3286 780 3329 miserae.
806 3288 881 3341 saepe
901 3301 943 3330 oue
963 3301 1004 3341 per
1023 3301 1049 3330 se
1069 3289 1179 3340 ponitur:
1199 3285 1273 3330 Mun-

155 3358 215 3405 rua,
230 3366 288 3404 cue,
303 3352 413 3395 iniserne
426 3353 531 3395 ninnium
545 3355 627 3397 cicino
640 3351 784 3398 Crsrnonus.
799 3381 831 3390 -
844 3369 910 3400 nunc
921 3360 993 3409 (nom
1006 3357 1059 3399 hld.
1072 3354 1110 3410 2.)
1124 3381 1155 3390 -
1169 3369 1202 3398 ex
1214 3357 1273 3400 ienis

156 3422 231 3474 Vulp.
271 3419 327 3464 199.
347 3435 419 3464 cerne
432 3423 492 3464 Stat.
505 3424 576 3476 anp.
597 3425 689 3468 Rursus
700 3425 784 3468 Nodell
795 3427 823 3467 ad
834 3427 918 3468 Arion.
932 3439 955 3479 p.
971 3425 1011 3470 05.
1026 3425 1072 3468 cfr.
1086 3425 1183 3468 Lucu-et.
1194 3421 1218 3467 3.
1230 3423 1273 3472 57.

159 3511 190 3522 -
211 3503 267 3532 ecre
285 3491 354 3534 htdd.
375 3491 448 3536 Doer.
503 3489 562 3538 205.
583 3493 659 3536 insito
672 3495 760 3546 Baryn.
775 3493 850 3538 Codd.
866 3494 958 3537 Vossii.
1008 3490 1068 3537 207.
1087 3505 1274 3550 concursusque

156 3560 201 3602 iid.
222 3565 245 3603 et
260 3561 332 3603 Wuh.
350 3561 413 3603 coni.
430 3561 483 3603 Ast.
502 3559 561 3604 rand
581 3563 603 3605 h.
626 3565 641 3604 Ι.
664 3561 781 3620 elegantih
800 3577 827 3608 ae
845 3564 954 3620 digniore
972 3562 1067 3605 Lucano
1084 3576 1154 3618 quarn
1170 3561 1277 3606 Catullo.

157 3625 218 3670 208.
239 3629 330 3672 inentis
342 3630 412 3672 Aldd.
460 3627 519 3673 211.
540 3631 710 3674 tuciduWak.
756 3630 815 3676 212.
836 3633 912 3675 codd.
932 3631 1052 3687 sospitem
1070 3636 1195 3684 erectum,
1216 3632 1275 3674 unde

157 3698 200 3748 alii
220 3697 404 3752 interpolatores
422 3699 532 3742 fecerunt
549 3703 668 3755 sospitem
687 3707 710 3743 et
728 3708 852 3759 erectum,
871 3702 912 3744 alii
931 3700 1050 3756 sospitem
1069 3705 1093 3743 et
1110 3705 1236 3755 ereptum,
1252 3705 1277 3742 ut

157 3767 241 3810 narsei
259 3768 300 3810 hh.
318 3782 357 3822 ap.
375 3769 435 3811 Stat.
453 3769 523 3811 Atdd.
541 3771 616 3813 Doer.
628 3771 717 3828 Giug.;
737 3773 778 3814 sed
797 3772 871 3814 multo
891 3771 1039 3827 ingeniosior
1058 3774 1094 3813 est
1112 3769 1194 3812 vossii
1211 3769 1274 3813 coni.

158 3850 230 3892 quarn
247 3837 488 3890 repraesentavimus.
516 3836 587 3882 211.
608 3841 703 3883 classis
722 3866 731 3875 -
750 3865 759 3874 -
779 3839 914 3898 [linqueret
931 3843 955 3882 et
971 3843 1075 3898 gnatum
1088 3838 1159 3884 Alex.
1172 3838 1274 3882 Guarin.

158 3903 219 3950 218.
239 3913 355 3948 extrerrau
373 3920 427 3948 curn
445 3905 505 3949 Cdd.
525 3909 583 3964 utiq.
601 3908 700 3952 Lachrn.
755 3906 814 3951 228.
840 3909 880 3952 Sic
898 3909 959 3952 haud
977 3909 1039 3950 rnals
1058 3910 1122 3950 coni.
1142 3907 1241 3951 Lachm.
1262 3922 1275 3952 e

158 3976 266 4032 uestigiis
279 3975 338 4022 Gdd.
353 3975 487 4018 obscurata
500 3975 566 4020 diest
579 3979 663 4031 (Voss.
673 3975 772 4034 Vulp.),
786 3977 920 4023 obscurato
932 3975 1023 4036 elagel,
1038 3975 1109 4036 diget
1121 3981 1166 4020 cet.
1186 3997 1220 4008 —
1234 3977 1276 4020 ob·

157 4044 412 4102 scurndieutllnlgo;
427 4045 557 4101 inqualect
575 4047 767 4102 offenditduplex
775 4048 893 4102 epitheton
899 4043 1067 4106 ferruginis,
1083 4045 1275 4091 narbonnenude

158 4117 247 4170 posita.
286 4112 346 4159 219.
366 4113 453 4158 Itonos
471 4128 492 4158 1.
514 4116 565 4160 lton
573 4147 580 4169 ,
601 4118 713 4172 oppidum
731 4118 886 4171 thessalias,
908 4117 948 4160 uhi
962 4115 1139 4160 nobilissimum
1152 4117 1276 4162 Minervas

158 4186 274 4241 templum
292 4189 440 4230 exstructum
457 4184 516 4238 tuit,
537 4188 598 4230 unde
616 4187 739 4232 Minervas
759 4187 849 4232 ltonias
868 4187 956 4232 cultum
974 4184 1179 4232 nd'htlteuieusas
1198 4191 1276 4230 traus-

158 4257 208 4304 ists
227 4258 331 4305 tradunt.
351 4269 374 4300 v.
393 4255 475 4302 Senot.
489 4255 602 4312 Apollon.
612 4254 692 4304 Rhod.
702 4257 784 4304 Paris.
797 4258 826 4302 ad
838 4253 868 4314 1,
883 4251 943 4304 ⁵51.
