2952 4826
196 207 215 268 2

198 361 360 427 auditores
379 356 501 424 scholis
527 379 599 422 cum
619 357 728 421 fructu
753 356 950 440 excipiendis
979 379 1047 421 sese
1070 358 1305 441 praeparaturi.

197 464 390 530 Exhibenda
409 461 503 526 etiam
532 471 622 525 erant
647 459 805 524 interdum
832 461 968 526 aliorum
990 460 1186 545 scriptorum
1208 464 1307 525 verba

197 589 285 632 meos
307 563 513 640 illustrantia,
536 561 705 649 quominus
725 561 876 628 dictando
892 573 1049 628 tereretur
1062 575 1186 646 tempus
1201 564 1307 627 vivam

196 668 396 754 potissimum
430 665 574 751 magistri
608 686 722 730 vocem
757 663 952 729 desiderans.
1011 667 1183 730 Praeterea
1211 689 1307 752 quum

196 775 280 835 band
307 769 403 854 pauci
431 778 616 832 nostrorum
641 778 762 830 mature
784 765 846 829 iam
871 765 1002 832 criticae
1025 767 1191 832 doctrinae
1213 790 1307 851 prae-

197 873 297 957 ceptis
328 869 474 935 initiandi
502 869 564 933 sint
594 890 632 933 ac
659 869 889 953 theologorum
912 891 1041 954 quoque
1066 869 1228 954 ingenium
1257 869 1307 934 his

196 973 307 1039 studiis
330 983 459 1036 acuatur
480 983 714 1056 sevoceturque
735 969 901 1035 asomniis
919 970 1148 1048 fanaticorum,
1173 971 1308 1056 diligen·

195 1078 257 1140 tius
286 1074 379 1140 etiam
410 1095 504 1160 quam
526 1073 558 1136 in
578 1073 736 1149 tironum,
767 1085 801 1135 ut
823 1072 985 1158 inquiunt,
1023 1095 1095 1137 usus
1120 1075 1306 1160 plerumque

196 1179 279 1242 solet
310 1198 439 1241 necesse
469 1175 598 1251 haberi,
635 1178 824 1240 enotandam
857 1198 894 1239 ac
924 1175 1153 1239 diiudicandam
1183 1178 1308 1259 suscepi

195 1279 343 1344 lectionis
365 1277 593 1342 diversitatem.
638 1276 843 1342 Paucissimis
878 1277 1013 1363 denique
1048 1275 1156 1340 verbis
1188 1289 1224 1339 ut
1258 1278 1308 1342 his

197 1382 343 1448 omnibus
364 1381 572 1464 defungerer,
608 1379 679 1461 ipsa
698 1378 800 1443 libelli
822 1379 941 1444 utilitas
962 1383 1130 1453 suadebat3
1167 1379 1308 1444 carmina

194 1485 295 1561 enim,
327 1505 391 1548 non
413 1482 634 1547 adnotationes
656 1482 680 1546 ii
698 1486 866 1566 petebant,
889 1482 1004 1568 quibus
1026 1493 1093 1547 erat
1116 1481 1306 1546 destinatus:

195 1590 268 1668 [nec
290 1607 370 1651 vero
392 1581 611 1648 tantummodo
627 1588 667 1646 ad
681 1584 837 1648 lectiones
851 1585 1018 1666 publicas:
1043 1585 1192 1650 volebam
1206 1585 1307 1660 euim,

194 1701 229 1752 ut
250 1688 337 1752 domi
360 1708 490 1771 quoque
507 1682 678 1759 haberent,
700 1682 817 1769 quibu's
833 1709 901 1749 sese
921 1687 1128 1751 delectarent.
1172 1687 1308 1752 Minime

195 1802 316 1866 autem,
339 1792 418 1852 haec
442 1787 603 1862 scribens,
630 1788 833 1868 reprehendo
857 1789 940 1851 VV.
963 1788 1036 1853 CC.
1056 1788 1307 1853 Lindemannum

194 1893 327 1972 (1823.)
349 1903 380 1954 et
405 1892 449 1955 Ο.
472 1888 657 1952 Schulzium
679 1889 829 1970 (1825.);
863 1911 952 1954 suum
972 1889 1054 1954 enim
1072 1902 1207 1977 uterque
1230 1913 1309 1957 con-

196 1995 298 2057 silium
325 2005 452 2058 secutus
481 2003 529 2054 est
556 2003 587 2054 et
614 1991 648 2055 in
679 1991 816 2056 diversis
845 1992 1035 2078 regionibus
1062 2006 1157 2081 atque
1188 1995 1308 2060 scholis

197 2091 417 2177 compluribus
439 2093 552 2157 similis
571 2093 693 2158 moduli
711 2117 749 2158 ac
764 2095 890 2180 generis
911 2095 1044 2172 libellis,
1065 2109 1100 2162 ut
1124 2097 1208 2162 inter
1229 2098 1309 2161 mul·

194 2210 247 2261 tos
275 2196 369 2262 etiam
406 2219 492 2261 meus
524 2208 587 2274 est,
623 2195 730 2261 locum
759 2219 827 2262 esse
853 2198 961 2264 video.
1012 2200 1186 2265 Praeterea
1214 2222 1307 2265 nemo

197 2299 275 2364 mihi
296 2301 377 2364 vitio
399 2311 522 2376 vertet,
545 2302 634 2384 quod
653 2321 723 2364 meo
746 2321 787 2363 ex
809 2322 918 2377 sensu,
942 2323 1036 2386 quem
1051 2301 1174 2367 erroris
1192 2325 1309 2388 exper-

194 2415 258 2466 tem
279 2425 438 2489 nunquam
458 2403 650 2484 praestabo,
685 2400 718 2464 in
748 2401 895 2466 omnibus
923 2403 985 2467 mei
1012 2403 1114 2468 libelli
1145 2404 1308 2486 partibus,

195 2505 289 2569 etiam
311 2505 344 2568 in
372 2508 434 2568 hac
465 2504 564 2568 altera
591 2502 753 2579 editione,¹
786 2527 823 2569 ea
851 2517 977 2570 secutus
1002 2527 1087 2581 sum,
1123 2528 1205 2589 quae
1233 2529 1309 2572 vere

194 2607 325 2689 po‘c'tica
347 2607 424 2669 mibi
446 2605 515 2670 visa
529 2617 615 2681 sunt,
632 2605 687 2668 alii
707 2605 768 2669 alia
785 2630 882 2692 quum
902 2597 1123 2689 praetulerint.
1147 2610 1308 2690 nomem]

256 2712 343 2787 Iam,
366 2709 482 2795 quibus
499 2707 648 2771 subsidiis
660 2731 734 2771 usus
749 2707 875 2794 singula
889 2708 1112 2786 tractaverim,
1135 2714 1307 2776 enarrabo.

256 2814 295 2876 In
323 2810 515 2875 Lucretii
543 2808 670 2895 quidem
704 2811 797 2876 locos
834 2811 971 2875 selectos
1000 2815 1212 2877 recensendos
1229 2813 1308 2894 plus

192 2916 301 3002 utique
322 2912 446 2979 laboris
466 2913 685 2977 insumendum
707 2913 786 2988 suit,
810 2934 902 2998 quam
918 2913 1083 2995 propositi
1097 2912 1181 2976 ratio
1197 2925 1309 2996 postu·

191 3020 258 3082 lare
278 3017 416 3102 primum
438 3016 618 3080 videbatur.
664 3013 819 3097 Quamvis
841 3014 923 3078 enim
939 3014 1191 3091 Eicbstaedtius,
1215 3038 1308 3102 quem

191 3122 365 3204 praecipue
395 3130 522 3183 secutus
549 3140 633 3194 sum,
670 3118 784 3198 (etiam
814 3116 845 3180 in
873 3116 1034 3181 scribendi
1063 3117 1209 3195 ratione,
1243 3141 1309 3184 nou

191 3237 299 3288 tamen
311 3243 537 3309 usquequaque
551 3220 615 3304 ipsi
627 3219 715 3285 Viro
731 3219 908 3284 clarissimo
927 3224 1133 3302 postmodum
1149 3224 1306 3304 probata)

191 3338 380 3409 perpetuum
400 3323 593 3389 Wakefieldi
612 3343 776 3387 censorem
799 3333 1084 3408 correctoremque
1103 3326 1197 3388 docte
1212 3335 1308 3409 atque

191 3429 354 3512 eleganter
387 3425 519 3513 egisset,
553 3424 760 3491 nihilominus
796 3423 966 3509 aliquoties
996 3429 1094 3490 modo
1124 3427 1306 3501 amborum,

192 3529 290 3601 meda
306 3529 435 3593 alterius
446 3529 549 3592 utrius
561 3527 785 3593 auctoritatem
799 3530 945 3590 deserere
963 3549 1055 3590 ausus
1070 3549 1150 3590 sum.
1174 3529 1308 3592 Nemea

192 3619 343 3722 proiecto
369 3631 547 3696 etiamnunc
569 3642 618 3696 est
638 3628 781 3694 conditio
804 3627 952 3693 carminis
970 3628 1178 3707 Lucretiani,
1203 3643 1236 3694 ut
1259 3630 1308 3694 in·

193 3733 331 3798 defessas
352 3731 453 3796 futuri
472 3732 608 3797 editoris
632 3753 725 3794 curas
746 3729 905 3817 requirat,
943 3731 1000 3816 qui
1027 3731 1167 3798 studiose
1197 3752 1306 3796 rursus

192 3835 334 3899 excussis
363 3834 530 3900 codicibus
552 3833 809 3922 editionibusque
836 3834 868 3896 in
891 3855 977 3898 nova
1002 3835 1189 3901 recensione
1210 3837 1306 3896 ador-

192 3941 294 4002 nanda
315 3938 472 4003 elaboret.
516 3940 592 4022 Ego
611 3959 691 4002 vero
712 3950 743 4000 et
760 3935 853 4002 libris
869 3936 1016 4020 scriptis,
1041 3950 1089 4015 et,
1111 3939 1199 4024 quod
1212 3934 1306 3998 nimis

192 4061 289 4124 aegre
311 4038 390 4115 tuli,
412 4039 540 4104 Iuntina
560 4038 700 4104 editione
708 4042 754 4122 (ἡ)
777 4038 960 4117 destitutus,
984 4039 1061 4126 quid
1079 4039 1112 4102 in
1132 4036 1306 4102 tractandis

191 4179 469 4194 W

246 4256 281 4317 (¹⁹)
299 4259 364 4306 llunc
382 4264 408 4305 et
424 4260 523 4304 alteram
540 4259 653 4306 Altinum
671 4274 732 4306 nunc
750 4262 803 4318 ipse
821 4261 885 4305 dorni
904 4258 989 4304 habeo.
1025 4253 1074 4302 Ed.
1093 4257 1139 4302 att.
