2948 4820
230 215 292 282 352

229 375 282 440 Ex
305 395 370 460 quo
394 372 571 438 Thessalici
593 372 759 438 subierunt
782 393 922 459 aequora
946 373 1041 449 remi,

229 477 325 558 Qatod
349 477 452 540 nullae
475 487 527 552 te,
551 487 639 552 nata,
665 479 781 557 dapes,
806 497 869 538 nnn
894 477 954 538 ulla
978 476 1129 539 intrabant

228 579 410 664 Tegmina?
432 599 495 644 non
518 579 600 642 nllus
622 578 680 640 tihi
702 589 767 640 tum
791 579 905 654 eolor,
928 598 1090 662 aegraque
1114 580 1213 642 verba

228 683 445 766 Errantesque
467 700 567 764 genae
589 691 685 764 atque
707 680 810 744 alieno
834 681 947 764 gandia
972 683 1062 743 voltu
1289 683 1351 745 580

227 785 362 866 Seanper
383 781 498 846 erant?
520 781 590 847 Cur
612 793 698 846 tanta
723 783 798 846 anibi
822 803 886 846 non
908 783 1036 864 prodita
1060 782 1179 866 pestis,

227 885 273 950 Ut
295 906 394 968 gener
416 883 593 950 Aesonides
616 896 726 950 nostra
749 886 928 949 consideret
951 887 1021 948 aula

227 989 298 1052 Nee
321 988 410 1050 talem
433 997 581 1069 paterere
603 985 741 1072 frigam?
764 985 943 1052 Commune
966 987 1077 1052 luisset

227 1092 296 1154 Aut
318 1100 405 1154 eerte
427 1099 503 1152 tune
525 1111 618 1156 omne
641 1091 751 1154 nolas:
767 1089 895 1154 iremus
918 1101 950 1154 et
972 1093 1082 1154 ambae

225 1195 264 1258 ln
287 1213 490 1278 quaeeunque
512 1192 598 1268 vias3
621 1193 742 1276 pariter
764 1193 893 1275 petiisse
916 1193 1041 1279 iuvaret
1285 1194 1347 1258 185

227 1294 425 1360 Thessaliam
449 1305 481 1358 et
501 1293 607 1369 saevi,
632 1315 842 1378 quaeeunque
865 1307 932 1372 est,
956 1295 1091 1378 hospitis
1115 1294 1261 1359 nrbem.'’

226 1399 280 1462 Sie
302 1397 442 1478 genitrix
464 1396 619 1480 similique
640 1396 751 1480 implet
772 1417 868 1460 soror
891 1397 996 1460 omnia
1019 1409 1135 1482 questu

226 1499 424 1572 Exululansa
448 1499 583 1563 lanaulae
606 1497 726 1581 pariter
748 1500 891 1562 elamore
913 1521 1064 1581 supremo

224 1603 263 1666 ln
287 1622 405 1666 vaeraos
427 1604 502 1665 dant
525 1604 621 1665 verba
646 1601 996 1685 Nonosdominamqne
1019 1602 1191 1666 reclamant

224 1704 383 1770 Nomine:
407 1715 439 1768 te
462 1704 548 1768 venti
570 1705 685 1788 procul
708 1715 740 1768 et
762 1714 815 1767 tua
836 1704 901 1768 lata
924 1705 1084 1769 ferebant.
1285 1708 1348 1770 190

559 1879 601 1945 C.
627 1881 761 1946 SILII
784 1879 1006 1946 lTALICI

475 2011 677 2076 Punicorum
701 1997 779 2074 Lui.
803 2010 834 2074 1.
859 2031 890 2074 ιι.
914 2009 1087 2086 81-7139.

532 2121 739 2186 Hannibalis
766 2133 1035 2186 sacramentum.

222 2235 312 2300 Urbe
334 2231 395 2298 luit
417 2231 516 2298 media
539 2253 662 2296 sacrum
687 2231 852 2316 genitricis
877 2233 1002 2297 Elissae

222 2335 378 2400 Manibus
400 2347 432 2400 et
453 2334 557 2418 patria
581 2335 689 2417 Tyriis
711 2334 882 2399 formidine
904 2338 1041 2412 cultram,

153 2483 158 2490 -
223 2440 319 2517 Qraod
341 2438 407 2502 taxi
428 2437 547 2500 cirrum
571 2447 602 2500 et
624 2436 735 2520 piceae
758 2437 977 2520 squalentibus
999 2437 1119 2503 umbris

220 2541 423 2604 Abdiderant
444 2538 587 2622 caelique
611 2539 762 2602 arcebant
786 2538 902 2602 lumine
923 2525 1087 2624 templum.

162 2662 166 2672 ·
224 2643 300 2706 Hoe
320 2664 391 2706 sese
413 2643 461 2722 (ut
483 2641 664 2724 perhibent)
686 2639 771 2704 curis
795 2641 983 2705 mortalibus
1005 2641 1080 2706 olim
1301 2645 1342 2710 85
1396 2707 1399 2716 ,

220 2745 365 2809 Exirerat
387 2743 499 2828 regina
521 2743 609 2808 loeo.
655 2744 747 2807 Stant
769 2763 928 2807 marmore
951 2757 1072 2811 maesto

220 2847 371 2928 Effigies,
396 2845 558 2930 Belusque
580 2867 695 2930 parens
719 2845 885 2931 omnisque
907 2858 1059 2930 nepotum

219 2950 253 3013 A
276 2950 358 3012 Belo
380 2946 498 3010 series:
525 2959 588 3011 stat
610 2947 712 3034 gloria
737 2950 840 3033 gentis
862 2951 1001 3034 Agenor

174 3131 178 3140 ι
219 3051 264 3114 Et
286 3049 341 3132 qui
362 3053 459 3138 longa
481 3052 567 3115 dedit
589 3049 683 3114 terris
705 3051 897 3132 cognomina
918 3049 1080 3117 Phoenix.
1181 3091 1182 3096 κ

166 3139 170 3146 ’
219 3153 293 3234 I'psa
317 3157 404 3217 sedet
426 3157 550 3218 tandem
575 3167 735 3217 aeternum
759 3153 925 3216 coniuncta
949 3153 1104 3218 Siehaeoa
1299 3155 1343 3220 90

219 3255 306 3319 Ante
328 3257 426 3338 pedes
448 3255 531 3320 ensis
554 3255 717 3341 Phrygius
740 3254 843 3318 iacet:
867 3255 978 3320 ordine
1001 3267 1126 3318 centum

219 3359 311 3419 Stant
332 3378 407 3421 arae
430 3358 572 3444 caelique
595 3359 661 3422 deis
684 3358 860 3442 Ereboque
882 3353 1035 3439 potenti.¹

218 3459 284 3522 Hie
304 3461 393 3524 crine
415 3461 517 3525 effuso
541 3471 635 3546 atque
657 3461 828 3523 Hennaeae
851 3458 978 3521 nermina
1000 3458 1092 3524 divae

217 3562 330 3645 Atque
351 3562 538 3629 Acheronta
562 3574 660 3628 vocat
682 3561 795 3646 Stygia
817 3583 889 3626 eum
910 3571 1000 3626 veste
1022 3565 1185 3629 sacerdos.

218 3663 370 3750 Imrnngit
392 3665 486 3728 tellus
508 3663 690 3748 rumpitque
711 3665 872 3728 horrenda
894 3685 953 3746 per
974 3666 1103 3728 umbras
1298 3670 1340 3735 95

219 3765 336 3843 Sibila,
358 3765 517 3830 inaccensi
537 3761 676 3851 flagrant
698 3767 849 3830 altaribus
872 3766 977 3851 ignes.

222 3870 304 3930 'l'um
329 3867 454 3952 magico
478 3869 615 3933 volitant
636 3880 730 3932 cantu
752 3889 812 3953 per
833 3867 938 3934 inania
961 3889 1068 3934 manes

289 4065 347 4114 179.
369 4068 507 4128 Tempora,
536 4076 562 4116 ut
580 4071 668 4117 habent
685 4071 762 4117 Codd.
782 4075 806 4114 et
823 4069 885 4116 Edd.
905 4077 959 4118 ante
977 4072 1128 4128 Weberuua,
1149 4075 1270 4130 explicant
1288 4077 1340 4123 dies

219 4136 339 4193 geniales,
367 4138 453 4188 festos.
500 4141 546 4186 Sed
574 4143 692 4198 quomodo
717 4143 740 4185 id
767 4142 828 4186 nude
852 4141 888 4192 ale
906 4143 1010 4196 positum
1029 4156 1052 4187 v.
1071 4149 1183 4200 tempore
1202 4144 1341 4203 significare
1418 4171 1421 4178 ·

220 4202 320 4314 potest?
343 4205 402 4250 Mihi
428 4209 452 4251 in
470 4214 574 4255 meatem
593 4212 658 4256 venit
677 4209 820 4271 Tegeatae,
846 4215 940 4267 vestes,
968 4210 1085 4268 ornatos,
1111 4213 1259 4271 probantque
1279 4217 1339 4259 We-

237 4283 279 4314 ero
295 4285 359 4318 aneo.
746 4289 748 4298 ¹
