2952 4826
228 205 269 268 80

227 357 360 425 Destitit
382 367 416 422 ut
436 356 549 423 mulier
571 355 677 442 spatio
699 355 823 422 defessa
844 365 987 424 vetusto.

227 464 337 527 Mutat
359 460 441 526 enim
465 459 573 525 muudi
592 471 736 526 naturam
757 457 856 524 totius
877 469 963 524 aetas

227 567 282 629 Ex
307 563 435 650 alioque
457 562 538 628 alius
557 573 656 626 status
678 561 829 644 excipere
850 561 955 626 omnia
976 562 1070 626 debet

226 668 298 731 Nec
318 677 420 730 manet
440 665 503 732 ulla
522 663 572 729 sui
591 662 703 728 similis
723 685 795 727 ress
822 661 927 728 ornuia
950 661 1109 748 migrant,

227 767 345 834 Omnia
365 778 539 832 commutat
559 768 682 830 Natura
704 776 736 830 et
761 776 893 830 vortere
917 763 1022 850 cogit.

226 871 374 956 Namque
392 867 477 932 aliud
494 867 650 951 putrescit
672 879 704 932 et
724 887 806 932 aevo
829 865 933 931 debile
954 867 1105 952 languet:
1285 865 1351 928 830

230 974 342 1037 Porro
364 970 451 1034 aliud
473 969 656 1034 concrescit
678 980 709 1033 et
729 990 746 1033 e
767 967 1005 1050 contemptibus
1023 967 1104 1032 exit.

226 1074 281 1138 Sic
300 1072 400 1158 igitur
423 1070 529 1135 muudi
551 1082 695 1136 naturam
716 1070 817 1135 totius
838 1081 923 1134 aetas

228 1177 338 1239 Mutat
360 1186 453 1238 etex
474 1173 538 1238 alio
560 1184 678 1236 terram
701 1182 800 1236 status
823 1170 946 1254 excipit
968 1172 1069 1236 alter:

229 1276 328 1357 Quod
349 1274 470 1359 potuit,
493 1285 649 1361 nequem
670 1271 792 1356 possit,
815 1276 904 1360 quod
928 1293 993 1338 nou
1015 1272 1088 1337 tulit
1111 1283 1196 1337 ante.

292 1377 462 1463 Multaque
483 1388 548 1440 tum
570 1375 664 1440 tellus
684 1375 778 1439 etiam
801 1385 951 1458 portenta
974 1397 1086 1439 creare
1284 1374 1350 1438 835

229 1481 405 1555 Conatust,
428 1477 509 1543 mira
530 1478 613 1542 facie
635 1476 850 1562 membrisque
871 1488 1006 1552 coorta;

227 1585 463 1666 Androgynem
483 1581 566 1645 inter
587 1591 674 1642 utras
695 1601 755 1642 uec
772 1590 938 1663 utramque
953 1589 984 1642 et
997 1577 1145 1664 utrinque
1159 1589 1341 1644 remotum:

229 1685 321 1748 Orba
341 1685 455 1764 pedum
479 1681 612 1765 partim,
637 1702 781 1744 manuum
806 1680 934 1743 viduata
952 1679 1113 1755 vicissim

229 1786 324 1848 Muta
345 1783 412 1847 sine
434 1804 493 1848 ore
514 1782 625 1859 etiam,
648 1782 715 1846 siue
741 1782 830 1848 voltu
853 1803 948 1846 caeca
968 1794 1115 1867 reperta3

228 1885 412 1970 Vinctaque
434 1887 652 1948 membrorum
673 1905 733 1966 per
754 1894 856 1949 totum
879 1907 998 1966 corpus
1020 1886 1178 1949 adhaesut
1284 1882 1350 1946 840

228 1989 300 2051 Νοο
323 1987 431 2051 facere
453 1998 487 2049 ut
509 1997 640 2068 possent
662 1986 834 2072 quidquam
858 2007 917 2050 uec
940 1989 1055 2050 cedere
1077 2007 1240 2072 quoquam

229 2092 301 2153 Nec
323 2089 426 2152 vitare
443 2089 557 2150 malum
578 2110 637 2151 uec
656 2107 797 2165 sumere,
820 2091 908 2172 quod
933 2087 1020 2152 volet
1039 2109 1125 2150 usus.

295 2191 412 2256 Cetera
435 2194 473 2254 de
492 2211 609 2275 genere
627 2192 693 2256 hoc
716 2201 858 2254 monstra
881 2211 919 2254 ac
937 2201 1088 2272 portenta
1110 2192 1261 2254 creabat:

229 2292 473 2379 Nequidquam
496 2291 646 2379 quoniam
667 2294 792 2356 Natura
815 2291 987 2356 absterruit
1008 2303 1154 2357 auctumz

228 2399 300 2460 Nec
322 2408 458 2480 potuere
481 2394 621 2478 cupitum
644 2394 755 2458 aetatis
775 2405 909 2477 tangere
930 2393 1046 2458 florem
1286 2391 1349 2456 845

230 2499 302 2563 Nec
323 2496 468 2582 reperire
489 2496 597 2562 cibum
617 2518 677 2560 uec
700 2493 790 2580 iungi
806 2517 866 2578 per
885 2495 1024 2560 Veneris
1046 2517 1110 2560 res.

234 2601 360 2678 Multa,
384 2599 544 2677 videmus,
567 2597 650 2664 enim
669 2600 766 2662 rebus
790 2618 986 2662 concurrere
1008 2599 1142 2675 debent,

230 2706 276 2769 Ut
295 2705 509 2788 propagando
533 2699 659 2788 possint
679 2703 862 2786 procudere
883 2699 982 2764 secla.

232 2806 357 2870 Pabula
378 2805 517 2888 primum
539 2815 574 2868 ut
596 2803 679 2880 sint3
703 2801 854 2888 genitalia
877 2801 990 2866 deinde
1011 2823 1071 2884 per
1093 2811 1181 2866 artus

230 2906 371 2985 Semina,
394 2927 474 2992 quae
496 2904 622 2989 possint
643 2903 794 2969 membris
809 2925 937 2969 manare
958 2901 1119 2982 remissis,
1288 2903 1352 2968 850

284 3151 344 3200 834.
365 3153 431 3214 quod
447 3154 518 3210 tulit,
539 3159 566 3199 ut
582 3161 687 3213 nequeat
701 3155 780 3200 Bentl.
818 3151 878 3200 8³7.
898 3151 1084 3216 Androgrnnm
1100 3153 1167 3198 inter
1186 3159 1284 3210 utrium,
1303 3167 1351 3198 nec

231 3230 361 3284 utrumque
378 3230 401 3268 et
420 3225 535 3283 utrinque
558 3225 587 3270 ll.
620 3225 681 3269 Cum
693 3226 735 3273 W.
751 3225 828 3271 Codd.
843 3224 937 3270 etCod.
951 3229 1009 3269 vett.
1024 3224 1091 3281 sequi
1105 3225 1232 3268 maluimus
1244 3225 1268 3268 iu
1279 3237 1350 3269 versu

230 3308 243 3340 e
266 3294 376 3349 Graeco,
405 3295 429 3338 ni
447 3294 534 3349 fallor,
553 3294 618 3339 lonle
639 3295 701 3339 baud
720 3295 791 3338 nimis
812 3294 916 3340 feliciter
932 3295 1041 3347 detorto,
1067 3294 1141 3337 veluti
1158 3293 1353 3339 uuucsuccurrit

231 3364 321 3420 Orphei
340 3365 426 3418 flyunu.
443 3361 490 3418 42,
510 3360 535 3408 t.
561 3356 673 3434 ἄρσενα
691 3362 743 3412 καὶ
760 3359 867 3427 δῆλον,
886 3358 978 3426 διφυῆ
997 3357 1118 3410 λύοειον
1129 3355 1259 3422 Ἴακχον.
1279 3363 1349 3409 ltrix.

231 3431 357 3478 confirmet
374 3433 416 3477 W.
447 3433 572 3492 utrinque.
591 3433 661 3478 Libb.
691 3434 1021 3492 utrumquevelutrunque.
1058 3432 1171 3486 Spurinus
1188 3433 1354 3477 iudicaverunt

178 3553 179 3558 ¹
230 3503 317 3548 Lumb.
337 3504 416 3548 Bentl.
437 3504 469 3548 nl.
498 3503 613 3559 Explica:
642 3503 846 3560 „Androgynen
874 3506 985 3545 naturum
1008 3502 1070 3545 inter
1090 3505 1156 3548 ulres
1174 3503 1234 3546 velis
1253 3507 1351 3545 neturus

230 3574 326 3618 virilem
345 3587 373 3617 ac
392 3573 534 3618 muliebrem
553 3575 671 3628 positum,
697 3587 741 3616 nee
760 3578 836 3615 tamen
857 3577 981 3628 utrumque
999 3559 1140 3631 (οὖσαν),
1170 3573 1210 3616 sed
1229 3585 1302 3627 aeque
1321 3569 1352 3614 ab

233 3648 331 3700 utrmque
344 3643 486 3687 remotam.''
500 3641 613 3686 Celerum
624 3643 723 3690 ecce.
732 3643 821 3686 inserui
832 3645 869 3696 et,
884 3640 1016 3697 quodeW.
1025 3640 1083 3683 err.
1093 3638 1170 3684 abest.
1209 3637 1268 3685 839.
1282 3640 1352 3684 Libri

230 3717 288 3756 vett.
303 3711 422 3756 universi:
448 3712 537 3756 multa.
556 3715 625 3754 mutu
646 3724 675 3754 ex
694 3711 780 3754 Aldine
802 3711 866 3764 (curn
884 3711 957 3760 llus.)
978 3710 1071 3764 recepit
1086 3709 1129 3753 W.
1164 3709 1289 3754 Pertineut
1306 3709 1352 3760 huc

230 3795 315 3825 versus
331 3780 483 3836 Empedoclis
499 3793 538 3834 up.
559 3779 666 3834 Peyron.
690 3793 744 3838 pag,
766 3775 807 3824 54.
828 3769 848 3841 ἦ
866 3773 972 3826 πολλαὶ
989 3774 1045 3839 μὲν
1063 3771 1173 3844 κόρσαι
1191 3771 1354 3838 α’ναύχενες

231 3845 430 3913 ἐβλάστησαν,
444 3847 558 3912 Γυμνοὶ
569 3845 592 3895 d'
605 3845 788 3912 ἑμπλοὶζοντο
800 3845 959 3916 βραχίονες
975 3838 1086 3908 εὔνιδες
1098 3841 1196 3912 ὤμων,
1209 3840 1354 3910 Ὄμματον

232 3919 255 3966 τ’
269 3913 304 3966 ol’
316 3913 463 3967 ἐπλανᾶτο
476 3913 677 3982 πονητεύοντα
689 3915 840 3981 μετώπων.
877 3913 937 3961 842.
949 3913 1023 3976 soret
1038 3917 1066 3961 L.
1081 3919 1111 3962 Η.
1127 3918 1155 3964 l'.
1168 3937 1195 3950 -
1206 3917 1266 3960 cdd.
1280 3917 1308 3960 C.
1321 3916 1352 3960 Ε.

231 3987 303 4032 colet.
332 3987 448 4032 Futurum
467 3989 539 4031 indic.
558 3987 595 4030 bic
613 3988 653 4030 rix
673 3989 751 4031 locum
764 3987 850 4031 habet:
871 3987 924 4031 vide
937 4001 965 4032 ne
978 3985 1053 4031 fuerit
1064 3988 1123 4031 colit
1135 4000 1179 4042 pro
1192 3986 1267 4038 velim·
1279 3980 1355 4043 soret

233 4069 289 4100 sanc
308 4061 373 4100 recte
393 4070 418 4101 se
431 4056 545 4112 heberct;
565 4058 607 4101 sed
621 4057 777 4112 improbabile
791 4061 842 4110 est,
863 4056 946 4100 erboc
958 4056 1046 4100 lactum
1059 4069 1112 4101 esse
1125 4056 1198 4104 colet.
1236 4051 1296 4100 tlt.
1311 4052 1354 4098 ele-

232 4124 291 4168 bent
305 4139 316 4168 e
331 4123 407 4168 codd.
428 4126 520 4170 duobus
539 4127 581 4170 W.
601 4123 691 4170 dedere
710 4127 796 4183 reliqui
814 4127 898 4178 (etium
913 4123 956 4180 E.)
975 4130 999 4170 et
1013 4125 1073 4169 Edd.
1095 4138 1188 4169 ornnes.
1208 4124 1269 4178 „scd
1290 4124 1353 4167 istud

233 4195 412 4249 hypcrrnelrum
429 4208 525 4239 carmen
544 4195 568 4238 in
581 4195 721 4240 Lucretium
738 4210 784 4240 nou
803 4199 894 4240 temere
912 4194 1055 4250 recipimn.'’
1074 4195 1115 4239 W.
1146 4195 1243 4238 'latium
1255 4192 1353 4236 delicia-

236 4277 290 4307 rum
309 4268 402 4307 umotor
420 4263 443 4308 iu
461 4263 546 4320 primis
564 4269 617 4309 eret
634 4263 758 4320 Gitaniur,
778 4265 810 4310 ita
829 4269 855 4308 ut
872 4261 903 4320 2,
918 4259 977 4310 631.
998 4265 1123 4322 legendum
1141 4266 1301 4321 proponeret:
1319 4285 1353 4296 -
