2952 4826
223 243 264 308 69

223 403 323 483 Quod
343 397 486 486 quoique
507 395 670 463 obtulerat
689 397 829 480 praedae
847 393 996 472 fortuna,
1017 393 1162 471 terebat,

225 507 350 587 Sponte
372 523 427 566 sua
448 499 513 565 sibi
535 497 671 586 quisque
693 497 801 562 valere
823 508 856 562 et
876 496 988 562 vivere
1012 499 1139 562 doctus.
1181 527 1186 540 ·

286 607 331 671 Et
353 606 465 669 Venus
487 600 520 665 iu
543 599 634 664 silvis
653 599 806 685 iungebat
829 621 972 682 corpora
995 610 1175 664 amantum:

223 704 431 772 Conciliabat
449 701 532 768 enim
556 702 609 766 vel
632 714 737 766 mutua
759 723 917 788 quamque
943 699 1062 783 cupido

224 809 292 872 Vel
314 806 456 873 violenta
479 802 544 868 viri
564 803 615 868 vis
638 815 732 888 atque
754 801 895 886 impende
912 803 1016 868 libido

223 909 289 975 Vel
310 907 467 992 pretium,
492 907 622 992 glandes
644 918 739 992 atque
759 909 872 970 arbuta
895 906 947 970 vel
968 905 1041 989 pira
1061 905 1156 971 lecta.

286 1013 332 1075 Et
353 1031 499 1074 inanuum
521 1009 601 1072 mira
622 1007 718 1072 iretci
741 1007 858 1072 virtute
877 1011 1058 1094 pedumque

223 1112 502 1179 Consectabantur
520 1109 679 1176 silvestria
702 1109 786 1174 secla
805 1109 945 1174 ferarum

222 1199 406 1280 Missilibus
425 1211 511 1276 saxis
533 1223 565 1276 et
587 1231 705 1295 magno
727 1213 872 1292 pondere
895 1211 1024 1288 clavae;

224 1316 396 1400 Multaque
418 1313 607 1390 vincebant,
630 1312 774 1376 vitabant
794 1333 895 1394 pauca
917 1312 1069 1388 latebris;

223 1415 444 1504 Setigerisque
463 1437 557 1498 pares
578 1413 687 1479 suibus
706 1412 867 1478 silvestria
890 1415 1032 1477 membra
1129 1445 1133 1452 ·

225 1520 399 1584 Nudabant
416 1530 540 1595 terrae,
563 1527 724 1582 nocturno
745 1527 892 1599 tempore
916 1515 1039 1598 captei,

223 1620 357 1690 Circum
376 1642 410 1686 se
429 1619 519 1686 foliis
538 1642 576 1684 ac
596 1617 767 1684 frondibus
787 1617 1002 1682 involuentes.

288 1727 359 1790 Nec
380 1724 539 1808 plangore
563 1723 645 1786 diem
669 1741 785 1805 magno
807 1721 971 1806 solemque
991 1741 1050 1803 per
1068 1741 1167 1806 agros

224 1828 430 1909 Quaerebant
449 1823 594 1907 pavidei,
617 1824 761 1907 palantes
784 1822 890 1887 noctis
911 1823 945 1886 in
967 1821 1109 1887 umbris:
1133 1811 1135 1818 ¹

223 1931 289 1993 Sed
308 1926 420 1992 tacitei
440 1929 664 2009 respectabant
681 1945 859 2011 somnoque
883 1923 1034 2007 sepultei‚

222 2032 309 2097 Dum
330 2049 426 2095 rosea
448 2029 520 2093 face
541 2028 591 2092 sol
612 2026 748 2092 inferret
769 2027 887 2091 lumina
908 2027 1013 2092 caclo.

223 2134 257 2198 A
277 2130 389 2214 parvis
410 2133 499 2216 quod
521 2129 603 2193 enim
627 2141 820 2194 consuerant
845 2151 977 2194 cernere
1001 2149 1127 2213 semper

222 2233 362 2299 Alterno
383 2235 530 2296 tenebras
553 2243 584 2296 ct
605 2232 707 2295 lucem
727 2243 873 2314 tempore
896 2231 1004 2318 gigni,

230 2337 308 2401 Non
330 2347 415 2411 erat,
437 2346 471 2397 ut
493 2333 565 2398 fleri
586 2345 696 2417 posset
717 2323 865 2398 mirarier
886 2356 1023 2419 unquam

224 2439 296 2502 Nec
320 2434 479 2512 diffidere,
504 2456 542 2499 nc
562 2447 665 2500 terras
684 2447 811 2499 aeterna
832 2447 957 2500 teneret

224 2540 303 2604 Nox
324 2537 357 2602 in
380 2549 568 2621 perpetuum
593 2541 738 2602 detracto
761 2536 878 2601 lumine
899 2536 991 2603 solis.

117 2661 123 2670 ·
224 2641 290 2704 Sed
312 2639 415 2724 magis
436 2638 515 2702 illud
539 2650 608 2703 erat
630 2660 742 2714 curae,
766 2642 854 2722 quod
877 2639 960 2703 secla
982 2639 1124 2704 ferarum

223 2741 378 2806 Infestam
404 2739 528 2804 miseris
550 2739 713 2804 faciebant
736 2761 829 2823 saepe
851 2740 1008 2826 quietem3

224 2840 416 2929 Eiecteiquc
439 2845 536 2906 domo
557 2841 727 2926 fugiebant
748 2863 844 2905 saxea
865 2854 949 2906 tecta

224 2942 410 3028 spumigeri
433 2941 497 3008 suis
520 2945 657 3008 adventu
682 2941 842 3029 validique
862 2945 983 3022 leonis3

279 3123 339 3172 965.
359 3125 396 3170 lta
410 3125 503 3178 codd,
523 3125 594 3170 stiam
610 3124 639 3170 C.
656 3125 686 3170 tt.
703 3125 772 3170 Brix.
788 3124 833 3170 Ατ.
851 3126 881 3171 ll.
906 3125 1120 3190 conplectebantur
1131 3130 1192 3176 Ver.
1203 3131 1267 3176 Vsu.
1281 3132 1344 3175 unde

224 3195 268 3242 W.
281 3195 347 3240 dedit
360 3193 572 3258 conflictabantur
584 3199 649 3240 recte
662 3196 773 3240 desertus
786 3195 815 3239 eb
827 3195 921 3240 Eichst.
961 3194 1019 3243 968.
1039 3199 1169 3243 silvestria
1181 3199 1258 3244 Gott.
1272 3201 1341 3244 Brit.

224 3265 270 3310 At.
281 3264 357 3310 1².·tt.
372 3264 389 3308 i.
405 3277 428 3309 e.
439 3263 559 3322 agrestia,
579 3265 678 3309 rustica.
700 3265 784 3310 Horat.
796 3266 826 3310 Α.
838 3265 868 3310 Ρ.
881 3262 940 3312 390.
960 3267 1088 3311 silvestres
1101 3265 1223 3314 lovninss.
1235 3269 1298 3318 Plio.
1312 3269 1342 3315 ll.

224 3333 256 3380 11.
269 3331 300 3388 7,
315 3331 340 3378 2.
360 3333 433 3392 regio
451 3338 503 3386 est,
523 3347 586 3392 quus
599 3339 700 3378 vocatur
708 3334 859 3390 Abarimon,
879 3335 1107 3395 inquinationem
1122 3337 1206 3383 violent
1218 3335 1344 3382 borsines.

224 3425 259 3440 -
276 3402 436 3448 ediscendus
452 3404 512 3446 Ver.
524 3403 587 3448 Vsu.
598 3403 640 3448 W.
657 3403 750 3449 Eielrst.
767 3405 809 3447 sed
825 3417 908 3459 perum
924 3406 1001 3460 placet
1018 3407 1105 3461 duplex
1121 3406 1184 3451 istud
1204 3420 1278 3452 suum
1292 3408 1344 3462 spi·

224 3472 315 3518 lbetcn.
375 3469 434 3518 969.
453 3469 631 3516 nududnltnnt
648 3472 724 3518 1..t{.
786 3470 846 3518 971.
866 3475 1003 3519 Stoicorum
1020 3475 1065 3518 ista
1087 3477 1168 3530 opinio
1186 3475 1246 3531 fuit,
1273 3489 1344 3534 quarn

224 3546 345 3599 oppugnat
362 3541 498 3587 Lucretius.
517 3542 564 3587 cir.
584 3542 669 3587 Manli.
685 3541 717 3597 1,
737 3539 779 3586 66.
797 3539 877 3587 Rudis
891 3542 941 3587 situ
956 3568 966 3578 ·
980 3567 990 3578 -
1004 3555 1107 3600 operum
1127 3545 1225 3590 ratione
1241 3546 1346 3590 cnrsltnt

223 3607 257 3655 Et
273 3607 416 3669 stupefacta
431 3623 492 3655 noso
507 3610 634 3668 pendeant
649 3611 745 3656 lumina
763 3609 869 3657 mundi:
900 3611 965 3656 Tum
987 3612 1051 3656 velut
1077 3614 1182 3658 omissis
1209 3627 1342 3669 maerens,

224 3684 277 3725 lusu
301 3681 369 3725 laetu
396 3680 495 3724 renatis
521 3679 660 3725 sideribus.
722 3677 781 3726 977.
810 3680 925 3736 Explica:
956 3680 1030 3734 „Non
1047 3686 1113 3737 erat,
1144 3689 1169 3728 nt
1190 3680 1244 3728 fieri
1262 3689 1346 3740 posset

225 3747 273 3806 (=
286 3745 399 3794 fiscinnn
413 3745 532 3803 poterat),
555 3753 579 3792 ut
596 3750 743 3793 mirarentur
758 3763 861 3806 unquam
878 3751 916 3794 ssl
935 3747 1069 3795 diffiderent
1085 3752 1149 3796 cet.’'
1204 3749 1263 3799 983.
1283 3753 1344 3798 ssli-

224 3818 284 3877 geri
299 3817 343 3863 ct.
364 3830 432 3864 naeus
450 3817 480 3862 C.
502 3817 532 3862 L.
555 3818 585 3862 li.
607 3829 637 3862 ex
659 3830 683 3861 v.
706 3815 764 3862 968.
827 3815 885 3863 987.
909 3817 1017 3863 ludentis
1036 3820 1064 3864 ds
1081 3819 1171 3866 Mureti
1187 3823 1250 3867 coni.
1267 3822 1296 3867 1..
1311 3823 1342 3867 11.

227 3884 289 3932 991.
308 3886 399 3931 Ennius
410 3900 434 3942 p.
451 3883 510 3930 111.
529 3886 625 3934 flesset.
646 3883 757 3931 Vulturis
774 3887 801 3930 in
817 3887 891 3932 silvis
906 3887 1028 3932 miserum
1046 3888 1180 3934 mandeba!
1195 3888 1344 3946 homonem

224 3951 281 4000 Heu
296 3969 370 4014 quum
388 3955 487 3999 crudeli
503 3954 624 4000 condebat
639 3955 751 4000 membra
769 3956 901 4013 sepulcro!
918 3957 1019 4012 Dionys.
1039 3957 1116 4018 Loog.
1134 3957 1160 4005 3.
1176 3973 1200 4015 p.
1219 3959 1243 4006 9.
1261 3960 1342 4015 Toup.

224 4019 320 4090 ταύτῃ
337 4022 388 4072 καὶ
405 4018 443 4072 τὰ
460 4024 515 4073 τοῦ
532 4021 693 4074 Λεοντίνου
710 4023 838 4094 Γοργίου
856 4021 977 4091 γελᾶται
993 4021 1138 4096 ,,Ξε’ρξης,
1156 4020 1175 4078 ὁ
1193 4024 1253 4078 τῶν
1266 4026 1309 4078 He

226 4087 287 4141 σῶν
299 4089 402 4152 stc‚'’
419 4090 470 4141 καὶ
487 4087 599 4155 ..Γύπες
612 4086 875 4157 ἕμψυχοιτάφοι.”
894 4096 949 4152 quin
960 4097 1072 4141 erinacius
1084 4099 1154 4141 setam
1163 4098 1251 4154 Apput.
1261 4095 1311 4152 Μ
1334 4127 1341 4142 .

226 4162 291 4207 ieras
308 4161 426 4216 appellat:
445 4174 572 4221 generosa
590 4163 637 4207 illn
654 4161 830 4208 destinatorum
847 4165 956 4223 crpitum
966 4161 1075 4224 sunere.
1132 4163 1191 4213 995.
1207 4167 1344 4224 privarunt

227 4243 281 4277 cusu
296 4229 356 4275 (ldd.
371 4230 454 4286 (stiam
464 4231 493 4276 G.
504 4229 547 4286 E.)
560 4233 603 4276 W.
614 4232 705 4276 Eicbst.
724 4231 957 4290 Plusquanrpcrlseti
973 4235 1039 4278 notio
1054 4235 1078 4280 in
1095 4248 1124 4279 so
1139 4236 1260 4290 cernitur,
1279 4237 1343 4293 quod

226 4301 333 4347 vermina
348 4297 493 4362 (τέτανος,
513 4296 684 4360 lravnpslnfle
706 4299 882 4362 Zuclungenl,
912 4317 954 4350 eos
975 4301 1022 4348 vltl
1038 4304 1189 4362 privarunt,
1217 4309 1343 4364 antequam
