2946 4816
172 388 337 474 Spongia:
363 387 545 453 muneribus
568 387 722 452 convenit
741 386 794 451 illa
818 386 909 452 meis.

107 495 184 558 Non
208 505 346 575 possunt¹
366 503 496 554 nostros
519 492 656 566 rrudtse,
678 491 848 567 Faustine,
872 490 989 552 liturae
1036 533 1039 541 «

173 596 353 657 Eruendare
375 593 486 674 iocos3
510 615 570 655 runa
592 592 688 654 litura
712 603 835 674 polest.

219 809 222 814 ¹
352 734 522 798 XXXIV.
555 731 734 795 Eiusdem.
771 732 829 808 (L.
854 733 886 794 d.
910 730 979 810 322.)

109 847 152 908 El
175 844 252 906 latet
274 853 305 905 et
326 843 410 904 lucet
435 840 670 906 Phaethontide
693 841 820 906 condita
843 853 953 926 gutta,

176 947 221 1009 Ut
244 944 389 1006 videatur
404 943 479 1026 vapis
501 956 628 1006 nectare
651 944 755 1006 clausa
778 965 852 1009 stro.

108 1047 252 1131 Dignum
276 1056 434 1108 tantorum
458 1047 600 1132 pretium
616 1045 687 1109 tulit
709 1045 761 1108 illa
784 1046 960 1111 laboruma

175 1146 340 1211 Credibile
363 1158 411 1210 est
433 1145 532 1228 ipsam
555 1146 601 1208 sic
624 1146 763 1210 voluisse
787 1148 881 1210 mori.

365 1287 514 1350 XXXV.
547 1284 726 1350 Eiusdem.
764 1285 822 1363 (L.
845 1288 879 1346 lt.
902 1287 969 1364 ll.)

111 1396 195 1480 Quid
218 1396 409 1459 recitaturus
432 1395 610 1458 circumdas
633 1396 753 1459 vellera
776 1395 887 1458 collo?

175 1497 381 1562 Conveniunt
404 1497 522 1561 nostris
546 1498 677 1559 auribus
699 1498 751 1559 illa
779 1499 893 1581 inagis.

348 1639 518 1702 ,xxxam
557 1636 731 1700 nassum.
766 1637 824 1718 (u.
849 1638 881 1700 a.
913 1637 980 1715 aa.)

111 1749 246 1835 Exigis,
271 1759 305 1811 ut
328 1751 441 1840 donem
464 1757 594 1810 nostros
616 1745 693 1821 tibi,
718 1747 856 1826 Quinte,
881 1748 1024 1810 libellos:

174 1854 248 1914 Non
271 1852 394 1923 habeo,
419 1851 475 1911 sed
497 1850 591 1910 habet
615 1848 788 1930 bibliopola
814 1850 986 1930 Tryphon.

110 1955 178 2020 Aes
200 1955 284 2016 dabo
307 1973 370 2032 pro
394 1951 487 2034 nugis
510 1964 541 2012 et
564 1973 663 2013 emam
687 1961 739 2012 tua
762 1950 900 2012 carruina
923 1952 1039 2014 sanus?

175 2057 269 2132 Non,
296 2052 423 2136 inquis,
446 2053 557 2116 laciam
582 2065 643 2115 lam
666 2051 766 2115 latue.
813 2055 882 2115 Nec
902 2065 980 2136 ego.

356 2176 547 2239 mnu.
584 2172 763 2238 semaam.
802 2173 859 2251 (n.
883 2175 915 2235 s.
940 2173 988 2252 s.)

111 2285 341 2367 Languebam;
364 2286 419 2346 sed
442 2295 476 2346 tu
498 2282 665 2346 comitatus
688 2283 833 2365 protinus
856 2286 895 2345 ad
918 2305 967 2346 me

175 2384 474 2460 Venisticentmu,
498 2386 702 2464 Symmacho,
728 2383 905 2466 discipulis.
987 2429 992 2434 -
1102 2439 1106 2448 .

112 2481 249 2546 Centum
273 2497 321 2544 me
344 2482 478 2566 tetigere
501 2503 610 2544 manus
633 2483 782 2565 aquilone
805 2483 951 2563 gelatae:
1033 2555 1037 2560 ¹

175 2587 250 2649 Non
274 2585 370 2648 habui
391 2586 535 2659 febrem,
561 2586 767 2664 Symmache,
791 2605 873 2645 nuuc
895 2584 1013 2648 habeo.

335 2707 544 2770 XXXVIII·
577 2703 755 2769 Eiusdem.
792 2705 850 2783 (L.
875 2704 908 2768 5.
933 2706 1000 2792 ld.)
1042 2761 1047 2774 ,
1163 2763 1165 2768 .
1220 2763 1224 2770 .

113 2816 208 2892 Suam,
232 2813 358 2891 fateor,
386 2837 573 2898 semperque
596 2813 660 2891 lui,
686 2810 889 2890 Callistrato,
914 2836 1055 2898 pauper,

176 2920 239 2980 Sed
260 2939 322 2980 nou
346 2920 503 2998 obscurus
526 2939 583 2980 nec
605 2917 685 2979 male
708 2929 803 2980 notus
826 2938 945 3000 equest

112 3020 176 3082 Sed
200 3031 270 3083 toto
293 3020 388 3102 legor
409 3023 489 3098 orbe
511 3019 664 3103 frequens
687 3031 718 3082 et
740 3019 874 3094 dicium,
900 3017 988 3092 „Hie
1010 3020 1106 3084 est!”

176 3122 338 3205 Quodque
362 3112 441 3184 ciiris
464 3121 592 3202 patrois,
618 3123 682 3186 hoc
704 3121 778 3184 mibi
801 3121 865 3184 vila
889 3121 987 3186 dedit.

112 3221 159 3287 At
183 3235 236 3284 tua
260 3223 403 3285 centenis
418 3223 611 3285 ..incumbunt
633 3234 716 3286 tecta
740 3222 895 3288 columnis

178 3326 222 3386 Et
244 3323 411 3388 libertinas
434 3344 508 3386 arca
531 3325 677 3408 flagellat
699 3348 797 3408 opes;

33 3452 42 3468 =
112 3426 299 3508 Magnaque
322 3426 464 3488 Niliacae
487 3426 587 3488 servit
609 3426 667 3488 tibi
689 3429 784 3512 gleba
809 3430 949 3508 Syenes,

178 3529 307 3588 'l'ondet
330 3538 362 3589 et
384 3527 569 3609 innumeros
592 3528 715 3593 Gallica
738 3531 856 3592 Parma
879 3553 1010 3615 greges.

112 3627 189 3692 Hoc
211 3649 275 3710 ego
297 3640 393 3712 tuque
415 3648 541 3702 sumus;
564 3632 620 3691 sed
641 3632 729 3712 quod
750 3652 838 3706 sum,
864 3653 927 3695 nou
950 3644 1043 3712 potes
1059 3653 1157 3713 esse:

176 3732 228 3792 Τιι
251 3731 339 3813 q'uod
360 3750 413 3803 cs,
439 3749 456 3793 e
479 3731 603 3811 populo
626 3731 759 3813 quilibet
781 3753 850 3795 esse
872 3747 992 3815 potest.
1194 3735 1234 3795 lll

356 3853 528 3915 XXXIX.
562 3851 741 3916 Eiusdem.
776 3853 836 3931 (L.
860 3855 891 3916 6.
916 3855 986 3934 61.)

111 3961 258 4033 Laudat,
285 3971 382 4034 aurat,
407 3971 512 4023 cantat
535 3973 665 4026 nostros
688 3984 755 4024 urea
780 3963 884 4026 Roma
907 3963 1033 4042 libellos
1105 4036 1110 4043 .
1162 4037 1165 4042 ,

176 4063 300 4145 Meque
323 4061 409 4124 sinus
427 4061 557 4138 'omnis,
583 4083 631 4127 me
655 4085 764 4126 ruamrs
787 4064 888 4126 omnis
912 4065 1022 4128 habet.
1054 4057 1059 4062 ’
1089 4058 1092 4064 ’

111 4166 200 4229 Ecce
223 4166 315 4225 rubet
337 4163 485 4246 quidam,
510 4165 627 4245 pallet,
651 4175 775 4246 stupet,
801 4166 934 4240 oscitat,
959 4164 1047 4230 odit:

175 4267 252 4330 Hoc
276 4265 371 4341 volo;
394 4287 477 4330 nuno
499 4265 593 4330 nobis
615 4265 753 4332 carmina
775 4277 885 4331 nostra
907 4268 1049 4350 placeut.
