<?xml version="1.0" encoding="UTF-8"?>
<!DOCTYPE html PUBLIC "-//W3C//DTD XHTML 1.0 Transitional//EN"
    "http://www.w3.org/TR/xhtml1/DTD/xhtml1-transitional.dtd">
<html xmlns="http://www.w3.org/1999/xhtml" xml:lang="en" lang="en">
 <head>
  <title>
</title>
<meta http-equiv="Content-Type" content="text/html;charset=utf-8" />
  <meta name='ocr-system' content='tesseract 3.04.00' />
  <meta name='ocr-capabilities' content='ocr_page ocr_carea ocr_par ocr_line ocrx_word'/>
</head>
<body>
  <div class='ocr_page' id='page_1' title='image "./eclogaepoetarum01orelgoog_0318.png"; bbox 0 0 2948 4820; ppageno 0'>
   <div class='ocr_carea' id='block_1_1' title="bbox 115 375 1010 668">
    <p class='ocr_par' dir='ltr' id='par_1_1' title="bbox 115 375 1010 668">
     <span class='ocr_line' id='line_1_1' title="bbox 676 375 726 440; baseline 0.04 -2"><span class='ocrx_word' id='word_1_1' title='bbox 676 375 694 438; x_wconf 73' lang='lat'>2</span> <span class='ocrx_word' id='word_1_2' title='bbox 719 423 726 440; x_wconf 91' lang='lat'>.</span> 
     </span>
     <span class='ocr_line' id='line_1_2' title="bbox 115 377 910 560; baseline 0.004 -20"><span class='ocrx_word' id='word_1_3' title='bbox 115 443 117 450; x_wconf 17' lang='grc' dir='ltr'><strong><em>Α</em></strong></span> <span class='ocrx_word' id='word_1_4' title='bbox 144 475 290 540; x_wconf 79' lang='lat' dir='ltr'><strong>lucemus</strong></span> <span class='ocrx_word' id='word_1_5' title='bbox 312 473 463 558; x_wconf 83' lang='lat' dir='ltr'><strong>quicquid</strong></span> <span class='ocrx_word' id='word_1_6' title='bbox 485 475 534 540; x_wconf 80' lang='lat' dir='ltr'><strong>fas</strong></span> <span class='ocrx_word' id='word_1_7' title='bbox 555 487 604 540; x_wconf 91' lang='lat' dir='ltr'><strong>est</strong></span> <span class='ocrx_word' id='word_1_8' title='bbox 625 377 731 542; x_wconf 66' lang='lat' dir='ltr'><strong>iuraie</strong></span> <span class='ocrx_word' id='word_1_9' title='bbox 752 479 910 560; x_wconf 86' lang='lat' dir='ltr'><strong>sepultos,</strong></span> 
     </span>
     <span class='ocr_line' id='line_1_3' title="bbox 183 578 1010 668; baseline 0.005 -26"><span class='ocrx_word' id='word_1_10' title='bbox 183 580 280 658; x_wconf 47' lang='lat' dir='ltr'><strong>,Nos</strong></span> <span class='ocrx_word' id='word_1_11' title='bbox 302 599 380 662; x_wconf 84' lang='lat' dir='ltr'><strong>quas</strong></span> <span class='ocrx_word' id='word_1_12' title='bbox 403 579 491 641; x_wconf 89' lang='lat' dir='ltr'><strong>laeva</strong></span> <span class='ocrx_word' id='word_1_13' title='bbox 514 578 630 662; x_wconf 78' lang='lat' dir='ltr'><strong>premit</strong></span> <span class='ocrx_word' id='word_1_14' title='bbox 650 579 1010 668; x_wconf 26' lang='lat' dir='ltr'><strong>sauna-Lycunibiades:</strong></span> 
     </span>
    </p>
   </div>
   <div class='ocr_carea' id='block_1_2' title="bbox 143 659 1191 766">
    <p class='ocr_par' dir='ltr' id='par_1_2' title="bbox 143 659 1191 766">
     <span class='ocr_line' id='line_1_4' title="bbox 143 659 1191 766; baseline 0.003 -22"><span class='ocrx_word' id='word_1_15' title='bbox 143 681 215 744; x_wconf 86' lang='lat' dir='ltr'><strong>Nec</strong></span> <span class='ocrx_word' id='word_1_16' title='bbox 236 681 344 762; x_wconf 78' lang='lat' dir='ltr'><strong>pudor</strong></span> <span class='ocrx_word' id='word_1_17' title='bbox 366 701 384 743; x_wconf 91' lang='lat' dir='ltr'><strong>a</strong></span> <span class='ocrx_word' id='word_1_18' title='bbox 406 680 500 744; x_wconf 88' lang='lat' dir='ltr'><strong>nobis</strong></span> <span class='ocrx_word' id='word_1_19' title='bbox 522 701 581 745; x_wconf 91' lang='lat' dir='ltr'><strong>ncc</strong></span> <span class='ocrx_word' id='word_1_20' title='bbox 603 681 670 744; x_wconf 85' lang='lat' dir='ltr'><strong>laus</strong></span> <span class='ocrx_word' id='word_1_21' title='bbox 693 693 844 746; x_wconf 83' lang='lat' dir='ltr'><strong>temerata</strong></span> <span class='ocrx_word' id='word_1_22' title='bbox 867 695 1058 766; x_wconf 80' lang='lat' dir='ltr'><strong>pauentum,</strong></span> <span class='ocrx_word' id='word_1_23' title='bbox 1164 659 1191 692; x_wconf 17' lang='grc' dir='ltr'><strong>’γ</strong></span> 
     </span>
    </p>
   </div>
   <div class='ocr_carea' id='block_1_3' title="bbox 142 783 1128 1480">
    <p class='ocr_par' dir='ltr' id='par_1_3' title="bbox 207 783 971 865">
     <span class='ocr_line' id='line_1_5' title="bbox 207 783 971 865; baseline 0.004 -20"><span class='ocrx_word' id='word_1_24' title='bbox 207 784 279 846; x_wconf 88' lang='lat' dir='ltr'><strong>Nec</strong></span> <span class='ocrx_word' id='word_1_25' title='bbox 300 783 419 865; x_wconf 80' lang='lat' dir='ltr'>pelago</span> <span class='ocrx_word' id='word_1_26' title='bbox 442 785 555 846; x_wconf 84' lang='lat' dir='ltr'><strong>nomen</strong></span> <span class='ocrx_word' id='word_1_27' title='bbox 579 783 688 847; x_wconf 86' lang='lat' dir='ltr'>nobile</span> <span class='ocrx_word' id='word_1_28' title='bbox 711 797 821 848; x_wconf 82' lang='lat' dir='ltr'><strong>nostra</strong></span> <span class='ocrx_word' id='word_1_29' title='bbox 844 787 971 864; x_wconf 79' lang='lat' dir='ltr'><strong>Paros,</strong></span> 
     </span>
    </p>

    <p class='ocr_par' dir='ltr' id='par_1_4' title="bbox 142 879 1128 1272">
     <span class='ocr_line' id='line_1_6' title="bbox 144 879 1083 964; baseline 0.006 -18"><span class='ocrx_word' id='word_1_30' title='bbox 144 879 208 946; x_wconf 89' lang='lat' dir='ltr'><strong>Sed</strong></span> <span class='ocrx_word' id='word_1_31' title='bbox 230 895 306 946; x_wconf 85' lang='lat' dir='ltr'><strong>lcux</strong></span> <span class='ocrx_word' id='word_1_32' title='bbox 327 883 544 949; x_wconf 78' lang='lat' dir='ltr'>Archilochus</span> <span class='ocrx_word' id='word_1_33' title='bbox 567 885 657 948; x_wconf 83' lang='lat' dir='ltr'><strong>salsis</strong></span> <span class='ocrx_word' id='word_1_34' title='bbox 680 886 863 950; x_wconf 70' lang='lat' dir='ltr'><strong>iecinoribus</strong></span> <span class='ocrx_word' id='word_1_35' title='bbox 886 900 1018 964; x_wconf 77' lang='lat' dir='ltr'>auctor,</span> <span class='ocrx_word' id='word_1_36' title='bbox 1075 913 1083 922; x_wconf 89' lang='lat'><strong>··</strong></span> 
     </span>
     <span class='ocr_line' id='line_1_7' title="bbox 206 986 1054 1070; baseline 0.007 -21"><span class='ocrx_word' id='word_1_37' title='bbox 206 986 246 1050; x_wconf 92' lang='lat' dir='ltr'><strong>Iu</strong></span> <span class='ocrx_word' id='word_1_38' title='bbox 268 997 409 1050; x_wconf 78' lang='lat' dir='ltr'><strong>uostraui</strong></span> <span class='ocrx_word' id='word_1_39' title='bbox 434 987 555 1048; x_wconf 83' lang='lat' dir='ltr'><strong>vomuit</strong></span> <span class='ocrx_word' id='word_1_40' title='bbox 577 987 631 1070; x_wconf 90' lang='lat' dir='ltr'><strong>qui</strong></span> <span class='ocrx_word' id='word_1_41' title='bbox 654 989 774 1069; x_wconf 81' lang='lat' dir='ltr'><strong>probra</strong></span> <span class='ocrx_word' id='word_1_42' title='bbox 796 989 891 1067; x_wconf 82' lang='lat' dir='ltr'><strong>foeda</strong></span> <span class='ocrx_word' id='word_1_43' title='bbox 916 992 1054 1058; x_wconf 84' lang='lat' dir='ltr'><strong>domum.</strong></span> 
     </span>
     <span class='ocr_line' id='line_1_8' title="bbox 142 1088 1128 1172; baseline 0.001 -19"><span class='ocrx_word' id='word_1_44' title='bbox 142 1089 211 1154; x_wconf 79' lang='lat' dir='ltr'><strong>Per</strong></span> <span class='ocrx_word' id='word_1_45' title='bbox 237 1088 358 1172; x_wconf 80' lang='lat' dir='ltr'><strong>Styga,</strong></span> <span class='ocrx_word' id='word_1_46' title='bbox 382 1109 440 1170; x_wconf 86' lang='lat' dir='ltr'><strong>pec</strong></span> <span class='ocrx_word' id='word_1_47' title='bbox 464 1089 626 1170; x_wconf 79' lang='lat' dir='ltr'><strong>Superos,</strong></span> <span class='ocrx_word' id='word_1_48' title='bbox 652 1110 710 1152; x_wconf 90' lang='lat' dir='ltr'><strong>uec</strong></span> <span class='ocrx_word' id='word_1_49' title='bbox 734 1111 792 1153; x_wconf 91' lang='lat' dir='ltr'><strong>nos</strong></span> <span class='ocrx_word' id='word_1_50' title='bbox 816 1091 948 1154; x_wconf 66' lang='lat' dir='ltr'><strong>Idmonis</strong></span> <span class='ocrx_word' id='word_1_51' title='bbox 970 1091 1001 1154; x_wconf 92' lang='lat' dir='ltr'><strong>in</strong></span> <span class='ocrx_word' id='word_1_52' title='bbox 1026 1095 1128 1171; x_wconf 88' lang='lat' dir='ltr'><strong>aede,</strong></span> 
     </span>
     <span class='ocr_line' id='line_1_9' title="bbox 205 1189 1028 1272; baseline 0.002 -18"><span class='ocrx_word' id='word_1_53' title='bbox 205 1191 276 1254; x_wconf 86' lang='lat' dir='ltr'><strong>Nec</strong></span> <span class='ocrx_word' id='word_1_54' title='bbox 298 1212 357 1272; x_wconf 84' lang='lat' dir='ltr'><strong>per</strong></span> <span class='ocrx_word' id='word_1_55' title='bbox 379 1201 476 1252; x_wconf 77' lang='lat' dir='ltr'><strong>strata</strong></span> <span class='ocrx_word' id='word_1_56' title='bbox 502 1189 571 1254; x_wconf 88' lang='lat' dir='ltr'><strong>viae</strong></span> <span class='ocrx_word' id='word_1_57' title='bbox 594 1189 726 1253; x_wconf 85' lang='lat' dir='ltr'><strong>vidimus</strong></span> <span class='ocrx_word' id='word_1_58' title='bbox 749 1193 997 1258; x_wconf 81' lang='lat' dir='ltr'><strong>Archilochum.</strong></span> <span class='ocrx_word' id='word_1_59' title='bbox 1027 1259 1028 1262; x_wconf 50' lang='lat'>,</span> 
     </span>
    </p>

    <p class='ocr_par' dir='ltr' id='par_1_5' title="bbox 143 1290 1015 1480">
     <span class='ocr_line' id='line_1_10' title="bbox 143 1290 937 1374; baseline -0.001 -18"><span class='ocrx_word' id='word_1_60' title='bbox 143 1290 178 1356; x_wconf 93' lang='lat' dir='ltr'><strong>Si</strong></span> <span class='ocrx_word' id='word_1_61' title='bbox 199 1291 311 1355; x_wconf 83' lang='lat' dir='ltr'><strong>scisset</strong></span> <span class='ocrx_word' id='word_1_62' title='bbox 332 1313 390 1356; x_wconf 85' lang='lat' dir='ltr'><strong>nos</strong></span> <span class='ocrx_word' id='word_1_63' title='bbox 413 1313 483 1355; x_wconf 88' lang='lat' dir='ltr'><strong>esse</strong></span> <span class='ocrx_word' id='word_1_64' title='bbox 507 1292 612 1373; x_wconf 85' lang='lat' dir='ltr'><strong>lupas,</strong></span> <span class='ocrx_word' id='word_1_65' title='bbox 637 1313 702 1358; x_wconf 87' lang='lat' dir='ltr'><strong>uon</strong></span> <span class='ocrx_word' id='word_1_66' title='bbox 725 1292 777 1356; x_wconf 90' lang='lat' dir='ltr'><strong>ille</strong></span> <span class='ocrx_word' id='word_1_67' title='bbox 800 1293 937 1374; x_wconf 83' lang='lat' dir='ltr'><strong>cupisset</strong></span> 
     </span>
     <span class='ocr_line' id='line_1_11' title="bbox 207 1393 1015 1480; baseline 0.005 -24"><span class='ocrx_word' id='word_1_68' title='bbox 207 1393 402 1478; x_wconf 87' lang='lat' dir='ltr'><strong>Legitimum</strong></span> <span class='ocrx_word' id='word_1_69' title='bbox 426 1415 468 1456; x_wconf 87' lang='lat' dir='ltr'><strong>ex</strong></span> <span class='ocrx_word' id='word_1_70' title='bbox 489 1405 603 1457; x_wconf 84' lang='lat' dir='ltr'><strong>nostro</strong></span> <span class='ocrx_word' id='word_1_71' title='bbox 625 1415 767 1477; x_wconf 78' lang='lat' dir='ltr'><strong>corpore</strong></span> <span class='ocrx_word' id='word_1_72' title='bbox 789 1395 876 1465; x_wconf 80' lang='lat' dir='ltr'><strong>serre</strong></span> <span class='ocrx_word' id='word_1_73' title='bbox 900 1417 1015 1480; x_wconf 84' lang='lat' dir='ltr'><strong>genus.</strong></span> 
     </span>
    </p>
   </div>
   <div class='ocr_carea' id='block_1_4' title="bbox 647 1580 733 1644">
    <p class='ocr_par' dir='ltr' id='par_1_6' title="bbox 647 1580 733 1644">
     <span class='ocr_line' id='line_1_12' title="bbox 647 1580 733 1644; baseline 0.07 -6"><span class='ocrx_word' id='word_1_74' title='bbox 647 1633 650 1638; x_wconf 91' lang='lat'>.</span> <span class='ocrx_word' id='word_1_75' title='bbox 680 1580 733 1644; x_wconf 71' lang='lat'><strong>24.</strong></span> 
     </span>
    </p>
   </div>
   <div class='ocr_carea' id='block_1_5' title="bbox 140 1698 1003 2294">
    <p class='ocr_par' dir='ltr' id='par_1_7' title="bbox 141 1698 987 1886">
     <span class='ocr_line' id='line_1_13' title="bbox 141 1698 987 1776; baseline 0 -12"><span class='ocrx_word' id='word_1_76' title='bbox 141 1699 299 1764; x_wconf 81' lang='lat' dir='ltr'><strong>Lesbides</strong></span> <span class='ocrx_word' id='word_1_77' title='bbox 320 1699 363 1763; x_wconf 91' lang='lat' dir='ltr'><strong>ite</strong></span> <span class='ocrx_word' id='word_1_78' title='bbox 385 1699 475 1762; x_wconf 88' lang='lat' dir='ltr'><strong>simul</strong></span> <span class='ocrx_word' id='word_1_79' title='bbox 500 1698 645 1766; x_wconf 82' lang='lat' dir='ltr'><strong>dominae</strong></span> <span class='ocrx_word' id='word_1_80' title='bbox 668 1699 800 1765; x_wconf 89' lang='lat' dir='ltr'><strong>lunonis</strong></span> <span class='ocrx_word' id='word_1_81' title='bbox 822 1703 861 1764; x_wconf 91' lang='lat' dir='ltr'><strong>ad</strong></span> <span class='ocrx_word' id='word_1_82' title='bbox 884 1709 987 1776; x_wconf 72' lang='lat' dir='ltr'><strong>araim</strong></span> 
     </span>
     <span class='ocr_line' id='line_1_14' title="bbox 207 1802 898 1886; baseline 0 -20"><span class='ocrx_word' id='word_1_83' title='bbox 207 1805 372 1885; x_wconf 85' lang='lat' dir='ltr'><strong>Suspenso</strong></span> <span class='ocrx_word' id='word_1_84' title='bbox 394 1814 524 1866; x_wconf 79' lang='lat' dir='ltr'><strong>tenerae</strong></span> <span class='ocrx_word' id='word_1_85' title='bbox 546 1802 686 1866; x_wconf 81' lang='lat' dir='ltr'><strong>molliter</strong></span> <span class='ocrx_word' id='word_1_86' title='bbox 708 1803 750 1866; x_wconf 87' lang='lat' dir='ltr'><strong>ite</strong></span> <span class='ocrx_word' id='word_1_87' title='bbox 774 1805 898 1886; x_wconf 81' lang='lat' dir='ltr'><strong>gradu:</strong></span> 
     </span>
    </p>

    <p class='ocr_par' dir='ltr' id='par_1_8' title="bbox 140 1903 1003 2086">
     <span class='ocr_line' id='line_1_15' title="bbox 140 1903 1003 1988; baseline 0 -18"><span class='ocrx_word' id='word_1_88' title='bbox 140 1903 248 1970; x_wconf 86' lang='lat' dir='ltr'><strong>Docta</strong></span> <span class='ocrx_word' id='word_1_89' title='bbox 273 1906 404 1966; x_wconf 84' lang='lat' dir='ltr'><strong>chorum</strong></span> <span class='ocrx_word' id='word_1_90' title='bbox 430 1904 520 1967; x_wconf 89' lang='lat' dir='ltr'><strong>vobis</strong></span> <span class='ocrx_word' id='word_1_91' title='bbox 543 1917 665 1967; x_wconf 84' lang='lat' dir='ltr'><strong>saccata</strong></span> <span class='ocrx_word' id='word_1_92' title='bbox 689 1925 747 1985; x_wconf 85' lang='lat' dir='ltr'><strong>per</strong></span> <span class='ocrx_word' id='word_1_93' title='bbox 769 1904 849 1967; x_wconf 81' lang='lat' dir='ltr'><strong>atria</strong></span> <span class='ocrx_word' id='word_1_94' title='bbox 872 1906 1003 1988; x_wconf 86' lang='lat' dir='ltr'>Sappho</span> 
     </span>
     <span class='ocr_line' id='line_1_16' title="bbox 206 2001 855 2086; baseline -0.003 -16"><span class='ocrx_word' id='word_1_95' title='bbox 206 2007 360 2082; x_wconf 89' lang='lat' dir='ltr'><strong>luchoet‚</strong></span> <span class='ocrx_word' id='word_1_96' title='bbox 385 2017 495 2069; x_wconf 73' lang='lat' dir='ltr'><strong>actuata</strong></span> <span class='ocrx_word' id='word_1_97' title='bbox 517 2005 741 2086; x_wconf 84' lang='lat' dir='ltr'><strong>conspicienda</strong></span> <span class='ocrx_word' id='word_1_98' title='bbox 758 2001 855 2086; x_wconf 67' lang='lat' dir='ltr'><strong>&#39;lyra¹</strong></span> 
     </span>
    </p>

    <p class='ocr_par' dir='ltr' id='par_1_9' title="bbox 140 2107 971 2294">
     <span class='ocr_line' id='line_1_17' title="bbox 140 2107 971 2190; baseline -0.001 -18"><span class='ocrx_word' id='word_1_99' title='bbox 140 2109 214 2173; x_wconf 85' lang='lat' dir='ltr'><strong>Hac</strong></span> <span class='ocrx_word' id='word_1_100' title='bbox 236 2109 315 2170; x_wconf 74' lang='lat' dir='ltr'><strong>deice</strong></span> <span class='ocrx_word' id='word_1_101' title='bbox 338 2109 511 2190; x_wconf 83' lang='lat' dir='ltr'><strong>gaudentes</strong></span> <span class='ocrx_word' id='word_1_102' title='bbox 534 2107 663 2170; x_wconf 85' lang='lat' dir='ltr'><strong>saltate:</strong></span> <span class='ocrx_word' id='word_1_103' title='bbox 689 2107 846 2170; x_wconf 78' lang='lat' dir='ltr'><strong>videbitur</strong></span> <span class='ocrx_word' id='word_1_104' title='bbox 869 2107 936 2190; x_wconf 84' lang='lat' dir='ltr'><strong>ipsa</strong></span> <span class='ocrx_word' id='word_1_105' title='bbox 969 2156 971 2160; x_wconf 83' lang='lat'>-</span> 
     </span>
     <span class='ocr_line' id='line_1_18' title="bbox 204 2194 832 2294; baseline -0.005 -21"><span class='ocrx_word' id='word_1_106' title='bbox 204 2210 312 2279; x_wconf 83' lang='lat' dir='ltr'><strong>Edere</strong></span> <span class='ocrx_word' id='word_1_107' title='bbox 333 2208 470 2294; x_wconf 88' lang='lat' dir='ltr'><strong>mellitos</strong></span> <span class='ocrx_word' id='word_1_108' title='bbox 495 2207 662 2292; x_wconf 88' lang='lat' dir='ltr'><strong>Calliopea</strong></span> <span class='ocrx_word' id='word_1_109' title='bbox 684 2225 798 2272; x_wconf 86' lang='lat' dir='ltr'><strong>sonos.</strong></span> <span class='ocrx_word' id='word_1_110' title='bbox 820 2194 832 2244; x_wconf 69' lang='lat' dir='ltr'><em>f</em></span> 
     </span>
    </p>
   </div>
   <div class='ocr_carea' id='block_1_6' title="bbox 588 2375 772 2444">
    <p class='ocr_par' dir='ltr' id='par_1_10' title="bbox 588 2375 772 2444">
     <span class='ocr_line' id='line_1_19' title="bbox 588 2375 772 2444; baseline 0.038 -7"><span class='ocrx_word' id='word_1_111' title='bbox 588 2377 590 2383; x_wconf 82' lang='grc'><em>’</em></span> <span class='ocrx_word' id='word_1_112' title='bbox 670 2375 772 2444; x_wconf 80' lang='grc'><strong><em>25..</em></strong></span> 
     </span>
    </p>
   </div>
   <div class='ocr_carea' id='block_1_7' title="bbox 140 2495 1146 2683">
    <p class='ocr_par' dir='ltr' id='par_1_11' title="bbox 140 2495 1146 2683">
     <span class='ocr_line' id='line_1_20' title="bbox 140 2495 938 2580; baseline 0 -20"><span class='ocrx_word' id='word_1_113' title='bbox 140 2495 410 2580; x_wconf 40' lang='lat' dir='ltr'><strong>Sappho-*nomen</strong></span> <span class='ocrx_word' id='word_1_114' title='bbox 432 2507 520 2561; x_wconf 79' lang='lat' dir='ltr'><strong>erat:</strong></span> <span class='ocrx_word' id='word_1_115' title='bbox 543 2507 662 2560; x_wconf 85' lang='lat' dir='ltr'><strong>tantum</strong></span> <span class='ocrx_word' id='word_1_116' title='bbox 686 2495 851 2562; x_wconf 79' lang='lat' dir='ltr'><strong>muliebria</strong></span> <span class='ocrx_word' id='word_1_117' title='bbox 875 2496 938 2561; x_wconf 88' lang='lat' dir='ltr'><strong>vici</strong></span> 
     </span>
     <span class='ocr_line' id='line_1_21' title="bbox 206 2597 1146 2683; baseline -0.001 -18"><span class='ocrx_word' id='word_1_118' title='bbox 206 2597 375 2676; x_wconf 80' lang='lat' dir='ltr'><strong>Carniiua,</strong></span> <span class='ocrx_word' id='word_1_119' title='bbox 398 2609 433 2662; x_wconf 89' lang='lat' dir='ltr'><strong>tu</strong></span> <span class='ocrx_word' id='word_1_120' title='bbox 455 2612 626 2683; x_wconf 82' lang='lat' dir='ltr'><strong>quantum,</strong></span> <span class='ocrx_word' id='word_1_121' title='bbox 651 2597 770 2677; x_wconf 87' lang='lat' dir='ltr'><strong>vineis,</strong></span> <span class='ocrx_word' id='word_1_122' title='bbox 796 2599 964 2677; x_wconf 76' lang='lat' dir='ltr'><strong>Home-uc,</strong></span> <span class='ocrx_word' id='word_1_123' title='bbox 987 2599 1107 2665; x_wconf 75' lang='lat' dir='ltr'><strong>vicos..</strong></span> <span class='ocrx_word' id='word_1_124' title='bbox 1141 2629 1146 2636; x_wconf 89' lang='lat'>·</span> 
     </span>
    </p>
   </div>
   <div class='ocr_carea' id='block_1_8' title="bbox 579 2760 731 2830">
    <p class='ocr_par' dir='ltr' id='par_1_12' title="bbox 579 2760 731 2830">
     <span class='ocr_line' id='line_1_22' title="bbox 579 2760 731 2830; baseline -0.007 -1"><span class='ocrx_word' id='word_1_125' title='bbox 579 2760 583 2771; x_wconf 48' lang='lat'><em>¹</em></span> <span class='ocrx_word' id='word_1_126' title='bbox 677 2766 731 2830; x_wconf 77' lang='lat'><strong>26.</strong></span> 
     </span>
    </p>
   </div>
   <div class='ocr_carea' id='block_1_9' title="bbox 141 2879 1052 3054">
    <p class='ocr_par' dir='ltr' id='par_1_13' title="bbox 141 2879 1052 3054">
     <span class='ocr_line' id='line_1_23' title="bbox 141 2879 1052 2969; baseline 0.009 -25"><span class='ocrx_word' id='word_1_127' title='bbox 141 2879 224 2944; x_wconf 84' lang='lat' dir='ltr'><strong>Ossa</strong></span> <span class='ocrx_word' id='word_1_128' title='bbox 246 2887 333 2942; x_wconf 81' lang='lat' dir='ltr'><strong>tenet</strong></span> <span class='ocrx_word' id='word_1_129' title='bbox 355 2879 503 2960; x_wconf 87' lang='lat' dir='ltr'><strong>Sapphus</strong></span> <span class='ocrx_word' id='word_1_130' title='bbox 526 2890 557 2941; x_wconf 89' lang='lat' dir='ltr'><strong>et</strong></span> <span class='ocrx_word' id='word_1_131' title='bbox 578 2900 692 2943; x_wconf 89' lang='lat' dir='ltr'><strong>nomen</strong></span> <span class='ocrx_word' id='word_1_132' title='bbox 716 2885 806 2950; x_wconf 87' lang='lat' dir='ltr'><strong>inane</strong></span> <span class='ocrx_word' id='word_1_133' title='bbox 828 2887 1052 2969; x_wconf 82' lang='lat' dir='ltr'><strong>sepulchrum,</strong></span> 
     </span>
     <span class='ocr_line' id='line_1_24' title="bbox 204 2980 927 3054; baseline 0.014 -10"><span class='ocrx_word' id='word_1_134' title='bbox 204 2980 311 3045; x_wconf 86' lang='lat' dir='ltr'><strong>Docta</strong></span> <span class='ocrx_word' id='word_1_135' title='bbox 333 2983 390 3043; x_wconf 87' lang='lat' dir='ltr'><strong>scd</strong></span> <span class='ocrx_word' id='word_1_136' title='bbox 412 2981 497 3047; x_wconf 90' lang='lat' dir='ltr'><strong>illius</strong></span> <span class='ocrx_word' id='word_1_137' title='bbox 520 2984 657 3048; x_wconf 82' lang='lat' dir='ltr'><strong>carinina</strong></span> <span class='ocrx_word' id='word_1_138' title='bbox 680 2999 785 3053; x_wconf 79' lang='lat' dir='ltr'><strong>niorte</strong></span> <span class='ocrx_word' id='word_1_139' title='bbox 807 3001 927 3054; x_wconf 80' lang='lat' dir='ltr'><strong>carent.</strong></span> 
     </span>
    </p>
   </div>
   <div class='ocr_carea' id='block_1_10' title="bbox 674 3143 728 3218">
    <p class='ocr_par' dir='ltr' id='par_1_14' title="bbox 674 3143 728 3218">
     <span class='ocr_line' id='line_1_25' title="bbox 674 3143 728 3218; baseline 0.074 -3"><span class='ocrx_word' id='word_1_140' title='bbox 674 3143 728 3218; x_wconf 71' lang='lat'><strong>27.</strong></span> 
     </span>
    </p>
   </div>
   <div class='ocr_carea' id='block_1_11' title="bbox 139 3268 1107 3765">
    <p class='ocr_par' dir='ltr' id='par_1_15' title="bbox 140 3268 898 3356">
     <span class='ocr_line' id='line_1_26' title="bbox 140 3268 898 3356; baseline 0.007 -23"><span class='ocrx_word' id='word_1_141' title='bbox 140 3268 276 3334; x_wconf 78' lang='lat' dir='ltr'><strong>Mortua</strong></span> <span class='ocrx_word' id='word_1_142' title='bbox 298 3291 337 3334; x_wconf 90' lang='lat' dir='ltr'><strong>ne</strong></span> <span class='ocrx_word' id='word_1_143' title='bbox 359 3269 446 3334; x_wconf 82' lang='lat' dir='ltr'><strong>dicar</strong></span> <span class='ocrx_word' id='word_1_144' title='bbox 468 3271 526 3336; x_wconf 86' lang='lat' dir='ltr'><strong>tibi</strong></span> <span class='ocrx_word' id='word_1_145' title='bbox 548 3284 637 3338; x_wconf 86' lang='lat' dir='ltr'><strong>vales</strong></span> <span class='ocrx_word' id='word_1_146' title='bbox 659 3295 700 3338; x_wconf 86' lang='lat' dir='ltr'><strong>ex</strong></span> <span class='ocrx_word' id='word_1_147' title='bbox 723 3273 898 3356; x_wconf 77' lang='lat' dir='ltr'><strong>Mitylene,</strong></span> 
     </span>
    </p>

    <p class='ocr_par' dir='ltr' id='par_1_16' title="bbox 139 3371 1097 3644">
     <span class='ocr_line' id='line_1_27' title="bbox 205 3371 1026 3458; baseline 0.006 -23"><span class='ocrx_word' id='word_1_148' title='bbox 205 3371 375 3436; x_wconf 87' lang='lat' dir='ltr'><strong>Aeolicum</strong></span> <span class='ocrx_word' id='word_1_149' title='bbox 397 3373 542 3457; x_wconf 74' lang='lat' dir='ltr'><strong>queisquis</strong></span> <span class='ocrx_word' id='word_1_150' title='bbox 564 3375 723 3458; x_wconf 88' lang='lat' dir='ltr'><strong>conspicis</strong></span> <span class='ocrx_word' id='word_1_151' title='bbox 745 3379 828 3440; x_wconf 91' lang='lat' dir='ltr'><strong>hunc</strong></span> <span class='ocrx_word' id='word_1_152' title='bbox 850 3379 1026 3456; x_wconf 77' lang='lat' dir='ltr'><strong>tinnulum,</strong></span> 
     </span>
     <span class='ocr_line' id='line_1_28' title="bbox 139 3472 1097 3562; baseline 0.005 -25"><span class='ocrx_word' id='word_1_153' title='bbox 139 3472 238 3537; x_wconf 71' lang='lat' dir='ltr'><strong>Helue</strong></span> <span class='ocrx_word' id='word_1_154' title='bbox 259 3474 418 3539; x_wconf 87' lang='lat' dir='ltr'><strong>hominum</strong></span> <span class='ocrx_word' id='word_1_155' title='bbox 442 3488 589 3542; x_wconf 77' lang='lat' dir='ltr'><strong>struxere</strong></span> <span class='ocrx_word' id='word_1_156' title='bbox 613 3499 744 3542; x_wconf 86' lang='lat' dir='ltr'><strong>manus:</strong></span> <span class='ocrx_word' id='word_1_157' title='bbox 769 3478 898 3541; x_wconf 87' lang='lat' dir='ltr'><strong>attalia</strong></span> <span class='ocrx_word' id='word_1_158' title='bbox 921 3501 1002 3562; x_wconf 73' lang='lat' dir='ltr'><strong>quiae</strong></span> <span class='ocrx_word' id='word_1_159' title='bbox 1023 3491 1097 3544; x_wconf 87' lang='lat' dir='ltr'><strong>sunt</strong></span> 
     </span>
     <span class='ocr_line' id='line_1_29' title="bbox 203 3575 1018 3644; baseline 0.005 -7"><span class='ocrx_word' id='word_1_160' title='bbox 203 3576 295 3640; x_wconf 90' lang='lat' dir='ltr'><strong>Haec</strong></span> <span class='ocrx_word' id='word_1_161' title='bbox 316 3577 380 3642; x_wconf 89' lang='lat' dir='ltr'><strong>cito</strong></span> <span class='ocrx_word' id='word_1_162' title='bbox 405 3581 554 3642; x_wconf 80' lang='lat' dir='ltr'><strong>mortales</strong></span> <span class='ocrx_word' id='word_1_163' title='bbox 576 3577 793 3644; x_wconf 87' lang='lat' dir='ltr'><strong>demcminisse</strong></span> <span class='ocrx_word' id='word_1_164' title='bbox 807 3575 933 3644; x_wconf 71' lang='lat' dir='ltr'><strong>solent.</strong></span> <span class='ocrx_word' id='word_1_165' title='bbox 1014 3611 1018 3616; x_wconf 83' lang='lat'><em>-</em></span> 
     </span>
    </p>

    <p class='ocr_par' dir='ltr' id='par_1_17' title="bbox 139 3673 1107 3765">
     <span class='ocr_line' id='line_1_30' title="bbox 139 3673 1107 3765; baseline 0.004 -23"><span class='ocrx_word' id='word_1_166' title='bbox 139 3675 188 3742; x_wconf 80' lang='lat' dir='ltr'><strong>Ae</strong></span> <span class='ocrx_word' id='word_1_167' title='bbox 209 3699 259 3742; x_wconf 86' lang='lat' dir='ltr'><strong>me</strong></span> <span class='ocrx_word' id='word_1_168' title='bbox 280 3680 374 3744; x_wconf 81' lang='lat' dir='ltr'><strong>docta</strong></span> <span class='ocrx_word' id='word_1_169' title='bbox 396 3701 511 3746; x_wconf 85' lang='lat' dir='ltr'><strong>novem</strong></span> <span class='ocrx_word' id='word_1_170' title='bbox 533 3703 650 3765; x_wconf 89' lang='lat' dir='ltr'><strong>poscas</strong></span> <span class='ocrx_word' id='word_1_171' title='bbox 671 3673 698 3745; x_wconf 87' lang='lat' dir='ltr'><strong>si</strong></span> <span class='ocrx_word' id='word_1_172' title='bbox 719 3684 803 3748; x_wconf 85' lang='lat' dir='ltr'><strong>dona</strong></span> <span class='ocrx_word' id='word_1_173' title='bbox 824 3704 992 3761; x_wconf 80' lang='lat' dir='ltr'><strong>sororum,</strong></span> <span class='ocrx_word' id='word_1_174' title='bbox 1104 3707 1107 3712; x_wconf 92' lang='lat'><em>·</em></span> 
     </span>
    </p>
   </div>
   <div class='ocr_carea' id='block_1_12' title="bbox 211 3875 1058 4080">
    <p class='ocr_par' dir='ltr' id='par_1_18' title="bbox 211 3875 1058 4080">
     <span class='ocr_line' id='line_1_31' title="bbox 211 3875 477 3938; baseline 0.015 -15"><span class='ocrx_word' id='word_1_175' title='bbox 211 3875 256 3938; x_wconf 84' lang='lat'><strong>25]</strong></span> <span class='ocrx_word' id='word_1_176' title='bbox 276 3878 406 3926; x_wconf 80' lang='lat' dir='ltr'><strong>Cuniehius</strong></span> <span class='ocrx_word' id='word_1_177' title='bbox 424 3881 477 3928; x_wconf 80' lang='lat' dir='ltr'><strong>sie:</strong></span> 
     </span>
     <span class='ocr_line' id='line_1_32' title="bbox 279 3947 1058 4011; baseline 0.008 -17"><span class='ocrx_word' id='word_1_178' title='bbox 279 3947 376 4004; x_wconf 81' lang='lat' dir='ltr'><strong>Sappho</strong></span> <span class='ocrx_word' id='word_1_179' title='bbox 394 3963 440 4008; x_wconf 80' lang='lat' dir='ltr'><strong>ego</strong></span> <span class='ocrx_word' id='word_1_180' title='bbox 457 3950 586 3996; x_wconf 79' lang='lat' dir='ltr'><strong>feuiineum</strong></span> <span class='ocrx_word' id='word_1_181' title='bbox 604 3952 673 3996; x_wconf 76' lang='lat' dir='ltr'><strong>vinco</strong></span> <span class='ocrx_word' id='word_1_182' title='bbox 691 3965 783 4011; x_wconf 68' lang='lat' dir='ltr'><strong>genos,</strong></span> <span class='ocrx_word' id='word_1_183' title='bbox 803 3965 873 3998; x_wconf 83' lang='lat' dir='ltr'><strong>omne</strong></span> <span class='ocrx_word' id='word_1_184' title='bbox 891 3953 962 3999; x_wconf 76' lang='lat' dir='ltr'><strong>virile</strong></span> <span class='ocrx_word' id='word_1_185' title='bbox 1056 3997 1058 4000; x_wconf 88' lang='lat'>.</span> 
     </span>
     <span class='ocr_line' id='line_1_33' title="bbox 312 4019 912 4080; baseline 0.008 -17"><span class='ocrx_word' id='word_1_186' title='bbox 312 4019 394 4064; x_wconf 81' lang='lat' dir='ltr'><strong>Vincit</strong></span> <span class='ocrx_word' id='word_1_187' title='bbox 413 4025 438 4064; x_wconf 88' lang='lat' dir='ltr'><strong>ul</strong></span> <span class='ocrx_word' id='word_1_188' title='bbox 456 4033 526 4066; x_wconf 79' lang='lat' dir='ltr'><strong>oenoe</strong></span> <span class='ocrx_word' id='word_1_189' title='bbox 544 4033 618 4080; x_wconf 73' lang='lat' dir='ltr'><strong>genus</strong></span> <span class='ocrx_word' id='word_1_190' title='bbox 636 4023 742 4067; x_wconf 77' lang='lat' dir='ltr'><strong>carmine</strong></span> <span class='ocrx_word' id='word_1_191' title='bbox 761 4023 912 4068; x_wconf 82' lang='lat' dir='ltr'><strong>Maeonides.</strong></span> 
     </span>
    </p>
   </div>
   <div class='ocr_carea' id='block_1_13' title="bbox 210 4147 1130 4350">
    <p class='ocr_par' dir='ltr' id='par_1_19' title="bbox 210 4147 1130 4350">
     <span class='ocr_line' id='line_1_34' title="bbox 210 4147 474 4210; baseline 0.015 -15"><span class='ocrx_word' id='word_1_192' title='bbox 210 4147 254 4210; x_wconf 83' lang='lat'><strong>26]</strong></span> <span class='ocrx_word' id='word_1_193' title='bbox 273 4149 402 4198; x_wconf 79' lang='lat' dir='ltr'><strong>Gutiiehios</strong></span> <span class='ocrx_word' id='word_1_194' title='bbox 421 4154 474 4200; x_wconf 75' lang='lat' dir='ltr'><strong>sica</strong></span> 
     </span>
     <span class='ocr_line' id='line_1_35' title="bbox 279 4221 1130 4282; baseline 0.006 -16"><span class='ocrx_word' id='word_1_195' title='bbox 279 4221 340 4266; x_wconf 78' lang='lat' dir='ltr'><strong>Ossa</strong></span> <span class='ocrx_word' id='word_1_196' title='bbox 360 4224 454 4279; x_wconf 83' lang='lat' dir='ltr'><strong>quidem</strong></span> <span class='ocrx_word' id='word_1_197' title='bbox 473 4227 497 4268; x_wconf 90' lang='lat' dir='ltr'><strong>et</strong></span> <span class='ocrx_word' id='word_1_198' title='bbox 514 4237 599 4270; x_wconf 82' lang='lat' dir='ltr'><strong>nomeu</strong></span> <span class='ocrx_word' id='word_1_199' title='bbox 618 4225 726 4282; x_wconf 82' lang='lat' dir='ltr'><strong>Sapphus</strong></span> <span class='ocrx_word' id='word_1_200' title='bbox 744 4222 815 4269; x_wconf 82' lang='lat' dir='ltr'><strong>habet</strong></span> <span class='ocrx_word' id='word_1_201' title='bbox 834 4237 911 4272; x_wconf 78' lang='lat' dir='ltr'><strong>uena:</strong></span> <span class='ocrx_word' id='word_1_202' title='bbox 932 4227 1010 4282; x_wconf 80' lang='lat' dir='ltr'><strong>puella</strong></span> <span class='ocrx_word' id='word_1_203' title='bbox 1054 4231 1058 4238; x_wconf 95' lang='grc'><strong>’</strong></span> <span class='ocrx_word' id='word_1_204' title='bbox 1127 4233 1130 4242; x_wconf 74' lang='lat'><strong>⁴</strong></span> 
     </span>
     <span class='ocr_line' id='line_1_36' title="bbox 314 4292 942 4350; baseline 0.014 -15"><span class='ocrx_word' id='word_1_205' title='bbox 314 4292 380 4348; x_wconf 77' lang='lat' dir='ltr'><strong>Quae</strong></span> <span class='ocrx_word' id='word_1_206' title='bbox 398 4296 494 4350; x_wconf 77' lang='lat' dir='ltr'><strong>sapiens</strong></span> <span class='ocrx_word' id='word_1_207' title='bbox 513 4295 598 4340; x_wconf 82' lang='lat' dir='ltr'><strong>ceeiull</strong></span> <span class='ocrx_word' id='word_1_208' title='bbox 615 4297 735 4350; x_wconf 70' lang='lat' dir='ltr'><strong>carmina,</strong></span> <span class='ocrx_word' id='word_1_209' title='bbox 756 4300 833 4340; x_wconf 82' lang='lat' dir='ltr'><strong>tuoute</strong></span> <span class='ocrx_word' id='word_1_210' title='bbox 852 4299 942 4344; x_wconf 81' lang='lat' dir='ltr'><strong>carent.</strong></span> 
     </span>
    </p>
   </div>
   <div class='ocr_carea' id='block_1_14' title="bbox 1246 893 1265 954">
    <p class='ocr_par' dir='ltr' id='par_1_20' title="bbox 1246 893 1265 954">
     <span class='ocr_line' id='line_1_37' title="bbox 1246 893 1265 954; baseline 0 0"><span class='ocrx_word' id='word_1_211' title='bbox 1246 893 1265 954; x_wconf 73' lang='lat'>5</span> 
     </span>
    </p>
   </div>
   <div class='ocr_carea' id='block_1_15' title="bbox 1224 1399 1265 1460">
    <p class='ocr_par' dir='ltr' id='par_1_21' title="bbox 1224 1399 1265 1460">
     <span class='ocr_line' id='line_1_38' title="bbox 1224 1399 1265 1460; baseline -0.073 0"><span class='ocrx_word' id='word_1_212' title='bbox 1224 1399 1265 1460; x_wconf 78' lang='lat'><strong>10</strong></span> 
     </span>
    </p>
   </div>
   <div class='ocr_carea' id='block_1_16' title="bbox 0 0 1478 4820">
    <p class='ocr_par' dir='ltr' id='par_1_22' title="bbox 0 0 1478 4820">
     <span class='ocr_line' id='line_1_39' title="bbox 0 0 1478 4820; baseline 0 2"><span class='ocrx_word' id='word_1_213' title='bbox 0 0 1478 4820; x_wconf 95' lang='lat' dir='ltr'><strong> </strong></span> 
     </span>
    </p>
   </div>
  </div>
 </body>
</html>
