<?xml version="1.0" encoding="UTF-8"?>
<!DOCTYPE html PUBLIC "-//W3C//DTD XHTML 1.0 Transitional//EN"
    "http://www.w3.org/TR/xhtml1/DTD/xhtml1-transitional.dtd">
<html xmlns="http://www.w3.org/1999/xhtml" xml:lang="en" lang="en">
 <head>
  <title>
</title>
<meta http-equiv="Content-Type" content="text/html;charset=utf-8" />
  <meta name='ocr-system' content='tesseract 3.04.00' />
  <meta name='ocr-capabilities' content='ocr_page ocr_carea ocr_par ocr_line ocrx_word'/>
</head>
<body>
  <div class='ocr_page' id='page_1' title='image "./eclogaepoetarum01orelgoog_0199.png"; bbox 0 0 2964 4814; ppageno 0'>
   <div class='ocr_carea' id='block_1_1' title="bbox 216 225 381 287">
    <p class='ocr_par' dir='ltr' id='par_1_1' title="bbox 216 225 381 287">
     <span class='ocr_line' id='line_1_1' title="bbox 216 225 381 287; baseline -0.006 -1"><span class='ocrx_word' id='word_1_1' title='bbox 216 225 278 287; x_wconf 88' lang='grc'>190</span> <span class='ocrx_word' id='word_1_2' title='bbox 374 259 381 268; x_wconf 88' lang='grc'><strong>-</strong></span> 
     </span>
    </p>
   </div>
   <div class='ocr_carea' id='block_1_2' title="bbox 100 380 1342 3727">
    <p class='ocr_par' dir='ltr' id='par_1_2' title="bbox 279 380 946 464">
     <span class='ocr_line' id='line_1_2' title="bbox 279 380 946 464; baseline -0.01 -13"><span class='ocrx_word' id='word_1_3' title='bbox 279 387 338 451; x_wconf 88' lang='lat' dir='ltr'>Ille</span> <span class='ocrx_word' id='word_1_4' title='bbox 359 385 432 452; x_wconf 85' lang='lat' dir='ltr'>ruit.</span> <span class='ocrx_word' id='word_1_5' title='bbox 477 383 579 448; x_wconf 88' lang='lat' dir='ltr'>Matri</span> <span class='ocrx_word' id='word_1_6' title='bbox 600 380 748 464; x_wconf 80' lang='lat' dir='ltr'>proxime</span> <span class='ocrx_word' id='word_1_7' title='bbox 773 380 854 446; x_wconf 89' lang='lat' dir='ltr'>insta</span> <span class='ocrx_word' id='word_1_8' title='bbox 876 382 946 446; x_wconf 91' lang='lat' dir='ltr'>tuli.</span> 
     </span>
    </p>

    <p class='ocr_par' dir='ltr' id='par_1_3' title="bbox 215 483 1001 678">
     <span class='ocr_line' id='line_1_3' title="bbox 215 483 924 568; baseline -0.006 -14"><span class='ocrx_word' id='word_1_9' title='bbox 215 488 341 554; x_wconf 76' lang='lat' dir='ltr'><strong>Felices</strong></span> <span class='ocrx_word' id='word_1_10' title='bbox 363 489 458 551; x_wconf 88' lang='lat' dir='ltr'>ambo</span> <span class='ocrx_word' id='word_1_11' title='bbox 481 483 737 568; x_wconf 73' lang='lat' dir='ltr'>tempestiveque</span> <span class='ocrx_word' id='word_1_12' title='bbox 759 484 924 568; x_wconf 85' lang='lat' dir='ltr'>sepultos,</span> 
     </span>
     <span class='ocr_line' id='line_1_4' title="bbox 279 586 1001 678; baseline -0.003 -24"><span class='ocrx_word' id='word_1_13' title='bbox 279 592 366 655; x_wconf 85' lang='lat' dir='ltr'>Ante</span> <span class='ocrx_word' id='word_1_14' title='bbox 389 589 470 678; x_wconf 80' lang='lat' dir='ltr'>‹liem</span> <span class='ocrx_word' id='word_1_15' title='bbox 493 608 616 670; x_wconf 89' lang='lat' dir='ltr'>poenae</span> <span class='ocrx_word' id='word_1_16' title='bbox 639 588 728 670; x_wconf 84' lang='lat' dir='ltr'>quod</span> <span class='ocrx_word' id='word_1_17' title='bbox 748 586 876 668; x_wconf 86' lang='lat' dir='ltr'>periere</span> <span class='ocrx_word' id='word_1_18' title='bbox 899 593 1001 652; x_wconf 86' lang='lat' dir='ltr'>meae!</span> 
     </span>
    </p>

    <p class='ocr_par' dir='ltr' id='par_1_4' title="bbox 217 687 1082 873">
     <span class='ocr_line' id='line_1_5' title="bbox 217 687 1082 777; baseline -0.006 -18"><span class='ocrx_word' id='word_1_19' title='bbox 217 696 275 759; x_wconf 91' lang='lat' dir='ltr'>Me</span> <span class='ocrx_word' id='word_1_20' title='bbox 298 712 428 777; x_wconf 87' lang='lat' dir='ltr'>quoque</span> <span class='ocrx_word' id='word_1_21' title='bbox 450 689 594 766; x_wconf 81' lang='lat' dir='ltr'>felicem,</span> <span class='ocrx_word' id='word_1_22' title='bbox 620 687 709 772; x_wconf 83' lang='lat' dir='ltr'>qnod</span> <span class='ocrx_word' id='word_1_23' title='bbox 730 709 795 753; x_wconf 91' lang='lat' dir='ltr'>non</span> <span class='ocrx_word' id='word_1_24' title='bbox 820 687 999 753; x_wconf 89' lang='lat' dir='ltr'>viventibus</span> <span class='ocrx_word' id='word_1_25' title='bbox 1021 690 1082 754; x_wconf 88' lang='lat' dir='ltr'>illis</span> 
     </span>
     <span class='ocr_line' id='line_1_6' title="bbox 280 789 1038 873; baseline -0.005 -16"><span class='ocrx_word' id='word_1_26' title='bbox 280 795 357 857; x_wconf 90' lang='lat' dir='ltr'>Sum</span> <span class='ocrx_word' id='word_1_27' title='bbox 380 792 527 856; x_wconf 90' lang='lat' dir='ltr'>miseret</span> <span class='ocrx_word' id='word_1_28' title='bbox 549 793 587 854; x_wconf 82' lang='lat' dir='ltr'>(le</span> <span class='ocrx_word' id='word_1_29' title='bbox 609 791 767 873; x_wconf 85' lang='lat' dir='ltr'>mequod</span> <span class='ocrx_word' id='word_1_30' title='bbox 790 791 922 855; x_wconf 87' lang='lat' dir='ltr'>doluere</span> <span class='ocrx_word' id='word_1_31' title='bbox 944 789 1038 854; x_wconf 89' lang='lat' dir='ltr'>nibil!</span> 
     </span>
    </p>

    <p class='ocr_par' dir='ltr' id='par_1_5' title="bbox 214 891 1340 1080">
     <span class='ocr_line' id='line_1_7' title="bbox 214 891 1340 976; baseline -0.001 -17"><span class='ocrx_word' id='word_1_32' title='bbox 214 897 249 959; x_wconf 89' lang='lat' dir='ltr'>Si</span> <span class='ocrx_word' id='word_1_33' title='bbox 270 907 376 959; x_wconf 88' lang='lat' dir='ltr'>tamen</span> <span class='ocrx_word' id='word_1_34' title='bbox 398 893 562 958; x_wconf 72' lang='lat' dir='ltr'>exstinctis</span> <span class='ocrx_word' id='word_1_35' title='bbox 585 891 703 976; x_wconf 84' lang='lat' dir='ltr'>aliquid</span> <span class='ocrx_word' id='word_1_36' title='bbox 725 891 784 954; x_wconf 89' lang='lat' dir='ltr'>nisi</span> <span class='ocrx_word' id='word_1_37' title='bbox 805 892 933 956; x_wconf 87' lang='lat' dir='ltr'>nomina</span> <span class='ocrx_word' id='word_1_38' title='bbox 956 904 1056 958; x_wconf 88' lang='lat' dir='ltr'>restat</span> <span class='ocrx_word' id='word_1_39' title='bbox 1297 896 1340 958; x_wconf 82' lang='grc'>85</span> 
     </span>
     <span class='ocr_line' id='line_1_8' title="bbox 277 992 1052 1080; baseline -0.004 -19"><span class='ocrx_word' id='word_1_40' title='bbox 277 999 322 1061; x_wconf 91' lang='lat' dir='ltr'>Et</span> <span class='ocrx_word' id='word_1_41' title='bbox 345 995 474 1079; x_wconf 83' lang='lat' dir='ltr'>gracilis</span> <span class='ocrx_word' id='word_1_42' title='bbox 496 1004 637 1058; x_wconf 87' lang='lat' dir='ltr'>structos</span> <span class='ocrx_word' id='word_1_43' title='bbox 660 992 774 1078; x_wconf 79' lang='lat' dir='ltr'>effugit</span> <span class='ocrx_word' id='word_1_44' title='bbox 797 996 909 1057; x_wconf 84' lang='lat' dir='ltr'>umbra</span> <span class='ocrx_word' id='word_1_45' title='bbox 931 1014 1052 1080; x_wconf 85' lang='lat' dir='ltr'>rogos;</span> 
     </span>
    </p>

    <p class='ocr_par' dir='ltr' id='par_1_6' title="bbox 214 1095 1131 1282">
     <span class='ocr_line' id='line_1_9' title="bbox 214 1095 1131 1181; baseline -0.005 -16"><span class='ocrx_word' id='word_1_46' title='bbox 214 1101 333 1175; x_wconf 84' lang='lat' dir='ltr'>Fama,</span> <span class='ocrx_word' id='word_1_47' title='bbox 356 1097 551 1180; x_wconf 87' lang='lat' dir='ltr'>parentales,</span> <span class='ocrx_word' id='word_1_48' title='bbox 578 1095 604 1158; x_wconf 92' lang='lat' dir='ltr'>si</span> <span class='ocrx_word' id='word_1_49' title='bbox 627 1115 687 1158; x_wconf 85' lang='lat' dir='ltr'>vos</span> <span class='ocrx_word' id='word_1_50' title='bbox 709 1115 778 1156; x_wconf 87' lang='lat' dir='ltr'>mea</span> <span class='ocrx_word' id='word_1_51' title='bbox 800 1095 956 1181; x_wconf 83' lang='lat' dir='ltr'>contigit,</span> <span class='ocrx_word' id='word_1_52' title='bbox 980 1099 1131 1174; x_wconf 85' lang='lat' dir='ltr'>umbrae,</span> 
     </span>
     <span class='ocr_line' id='line_1_10' title="bbox 277 1196 1012 1282; baseline -0.007 -16"><span class='ocrx_word' id='word_1_53' title='bbox 277 1204 321 1266; x_wconf 88' lang='lat' dir='ltr'>Et</span> <span class='ocrx_word' id='word_1_54' title='bbox 343 1199 470 1266; x_wconf 88' lang='lat' dir='ltr'>suntin</span> <span class='ocrx_word' id='word_1_55' title='bbox 492 1198 610 1282; x_wconf 87' lang='lat' dir='ltr'>Stygio</span> <span class='ocrx_word' id='word_1_56' title='bbox 633 1196 763 1261; x_wconf 88' lang='lat' dir='ltr'>crimina</span> <span class='ocrx_word' id='word_1_57' title='bbox 787 1209 896 1262; x_wconf 88' lang='lat' dir='ltr'>nostra</span> <span class='ocrx_word' id='word_1_58' title='bbox 918 1198 1012 1275; x_wconf 82' lang='lat' dir='ltr'>loro,</span> 
     </span>
    </p>

    <p class='ocr_par' dir='ltr' id='par_1_7' title="bbox 215 1299 1341 1488">
     <span class='ocr_line' id='line_1_11' title="bbox 215 1299 1220 1388; baseline -0.004 -18"><span class='ocrx_word' id='word_1_59' title='bbox 215 1303 324 1381; x_wconf 89' lang='lat' dir='ltr'>Scite,</span> <span class='ocrx_word' id='word_1_60' title='bbox 347 1323 482 1388; x_wconf 85' lang='lat' dir='ltr'>precor,</span> <span class='ocrx_word' id='word_1_61' title='bbox 508 1320 633 1364; x_wconf 73' lang='lat' dir='ltr'>calisam</span> <span class='ocrx_word' id='word_1_62' title='bbox 657 1301 729 1378; x_wconf 88' lang='lat' dir='ltr'>(nec</span> <span class='ocrx_word' id='word_1_63' title='bbox 752 1320 812 1363; x_wconf 89' lang='lat' dir='ltr'>vos</span> <span class='ocrx_word' id='word_1_64' title='bbox 836 1299 912 1363; x_wconf 89' lang='lat' dir='ltr'>mibi</span> <span class='ocrx_word' id='word_1_65' title='bbox 934 1301 1048 1364; x_wconf 78' lang='lat' dir='ltr'>fallere</span> <span class='ocrx_word' id='word_1_66' title='bbox 1069 1302 1118 1365; x_wconf 88' lang='lat' dir='ltr'>las</span> <span class='ocrx_word' id='word_1_67' title='bbox 1140 1313 1187 1366; x_wconf 91' lang='lat' dir='ltr'>est</span> <span class='ocrx_word' id='word_1_68' title='bbox 1195 1306 1220 1383; x_wconf 83' lang='lat'>,)</span> 
     </span>
     <span class='ocr_line' id='line_1_12' title="bbox 278 1401 1341 1488; baseline -0.003 -18"><span class='ocrx_word' id='word_1_69' title='bbox 278 1408 437 1471; x_wconf 88' lang='lat' dir='ltr'>Errorem</span> <span class='ocrx_word' id='word_1_70' title='bbox 459 1403 581 1477; x_wconf 87' lang='lat' dir='ltr'>iussae,</span> <span class='ocrx_word' id='word_1_71' title='bbox 606 1422 671 1465; x_wconf 92' lang='lat' dir='ltr'>uon</span> <span class='ocrx_word' id='word_1_72' title='bbox 693 1401 814 1476; x_wconf 88' lang='lat' dir='ltr'>scelus,</span> <span class='ocrx_word' id='word_1_73' title='bbox 839 1423 907 1464; x_wconf 90' lang='lat' dir='ltr'>esse</span> <span class='ocrx_word' id='word_1_74' title='bbox 928 1403 1043 1488; x_wconf 74' lang='lat' dir='ltr'>lngae:</span> <span class='ocrx_word' id='word_1_75' title='bbox 1297 1407 1341 1471; x_wconf 82' lang='grc'>00</span> 
     </span>
    </p>

    <p class='ocr_par' dir='ltr' id='par_1_8' title="bbox 215 1503 1123 1691">
     <span class='ocr_line' id='line_1_13' title="bbox 215 1503 1123 1574; baseline -0.007 0"><span class='ocrx_word' id='word_1_76' title='bbox 215 1511 369 1574; x_wconf 78' lang='lat' dir='ltr'>Manibus</span> <span class='ocrx_word' id='word_1_77' title='bbox 392 1507 424 1570; x_wconf 87' lang='lat' dir='ltr'>id</span> <span class='ocrx_word' id='word_1_78' title='bbox 446 1503 521 1570; x_wconf 88' lang='lat' dir='ltr'>satis</span> <span class='ocrx_word' id='word_1_79' title='bbox 544 1514 605 1568; x_wconf 90' lang='lat' dir='ltr'>est.</span> <span class='ocrx_word' id='word_1_80' title='bbox 650 1505 704 1567; x_wconf 83' lang='lat' dir='ltr'>Ad</span> <span class='ocrx_word' id='word_1_81' title='bbox 726 1523 785 1566; x_wconf 84' lang='lat' dir='ltr'>vos</span> <span class='ocrx_word' id='word_1_82' title='bbox 808 1504 948 1568; x_wconf 83' lang='lat' dir='ltr'>studiosa</span> <span class='ocrx_word' id='word_1_83' title='bbox 971 1515 1123 1570; x_wconf 89' lang='lat' dir='ltr'>revertor</span> 
     </span>
     <span class='ocr_line' id='line_1_14' title="bbox 277 1602 1010 1691; baseline -0.011 -15"><span class='ocrx_word' id='word_1_84' title='bbox 277 1613 436 1685; x_wconf 80' lang='lat' dir='ltr'>Pectora,</span> <span class='ocrx_word' id='word_1_85' title='bbox 460 1606 515 1691; x_wconf 90' lang='lat' dir='ltr'>qui</span> <span class='ocrx_word' id='word_1_86' title='bbox 537 1605 620 1670; x_wconf 87' lang='lat' dir='ltr'>vitae</span> <span class='ocrx_word' id='word_1_87' title='bbox 644 1602 795 1687; x_wconf 88' lang='lat' dir='ltr'>quaeritis</span> <span class='ocrx_word' id='word_1_88' title='bbox 817 1615 887 1666; x_wconf 86' lang='lat' dir='ltr'>acta</span> <span class='ocrx_word' id='word_1_89' title='bbox 910 1625 1010 1668; x_wconf 89' lang='lat' dir='ltr'>meae.</span> 
     </span>
    </p>

    <p class='ocr_par' dir='ltr' id='par_1_9' title="bbox 213 1705 1016 1892">
     <span class='ocr_line' id='line_1_15' title="bbox 213 1705 969 1789; baseline -0.007 -12"><span class='ocrx_word' id='word_1_90' title='bbox 213 1714 281 1777; x_wconf 90' lang='lat' dir='ltr'>Iam</span> <span class='ocrx_word' id='word_1_91' title='bbox 304 1711 378 1774; x_wconf 91' lang='lat' dir='ltr'>mibi</span> <span class='ocrx_word' id='word_1_92' title='bbox 400 1707 530 1772; x_wconf 84' lang='lat' dir='ltr'>canities</span> <span class='ocrx_word' id='word_1_93' title='bbox 552 1706 651 1789; x_wconf 89' lang='lat' dir='ltr'>pulsis</span> <span class='ocrx_word' id='word_1_94' title='bbox 674 1705 858 1769; x_wconf 90' lang='lat' dir='ltr'>melioribus</span> <span class='ocrx_word' id='word_1_95' title='bbox 881 1708 969 1772; x_wconf 90' lang='lat' dir='ltr'>aunis</span> 
     </span>
     <span class='ocr_line' id='line_1_16' title="bbox 277 1807 1016 1892; baseline -0.008 -14"><span class='ocrx_word' id='word_1_96' title='bbox 277 1817 441 1887; x_wconf 88' lang='lat' dir='ltr'>Venerat,</span> <span class='ocrx_word' id='word_1_97' title='bbox 467 1810 613 1892; x_wconf 85' lang='lat' dir='ltr'>antiquas</span> <span class='ocrx_word' id='word_1_98' title='bbox 635 1807 868 1891; x_wconf 80' lang='lat' dir='ltr'>miscueratque</span> <span class='ocrx_word' id='word_1_99' title='bbox 890 1829 1016 1872; x_wconf 87' lang='lat' dir='ltr'>comas:</span> 
     </span>
    </p>

    <p class='ocr_par' dir='ltr' id='par_1_10' title="bbox 214 1908 1026 2095">
     <span class='ocr_line' id='line_1_17' title="bbox 214 1908 979 2000; baseline -0.014 -17"><span class='ocrx_word' id='word_1_100' title='bbox 214 1918 361 2000; x_wconf 81' lang='lat' dir='ltr'>Postque</span> <span class='ocrx_word' id='word_1_101' title='bbox 383 1934 471 1977; x_wconf 88' lang='lat' dir='ltr'>meos</span> <span class='ocrx_word' id='word_1_102' title='bbox 494 1923 584 1974; x_wconf 90' lang='lat' dir='ltr'>ortus</span> <span class='ocrx_word' id='word_1_103' title='bbox 607 1909 721 1974; x_wconf 88' lang='lat' dir='ltr'>Pisaea</span> <span class='ocrx_word' id='word_1_104' title='bbox 743 1908 869 1972; x_wconf 87' lang='lat' dir='ltr'>vinctus</span> <span class='ocrx_word' id='word_1_105' title='bbox 892 1909 979 1974; x_wconf 91' lang='lat' dir='ltr'>oliva</span> 
     </span>
     <span class='ocr_line' id='line_1_18' title="bbox 278 2011 1026 2095; baseline -0.007 -14"><span class='ocrx_word' id='word_1_106' title='bbox 278 2017 468 2082; x_wconf 81' lang='lat' dir='ltr'>Abstulerat</span> <span class='ocrx_word' id='word_1_107' title='bbox 491 2012 595 2076; x_wconf 86' lang='lat' dir='ltr'>decies</span> <span class='ocrx_word' id='word_1_108' title='bbox 618 2011 757 2093; x_wconf 89' lang='lat' dir='ltr'>praemia</span> <span class='ocrx_word' id='word_1_109' title='bbox 780 2011 886 2075; x_wconf 88' lang='lat' dir='ltr'>victor</span> <span class='ocrx_word' id='word_1_110' title='bbox 908 2032 1026 2095; x_wconf 88' lang='lat' dir='ltr'>equus:</span> 
     </span>
    </p>

    <p class='ocr_par' dir='ltr' id='par_1_11' title="bbox 214 2112 1073 2302">
     <span class='ocr_line' id='line_1_19' title="bbox 214 2112 1073 2201; baseline -0.006 -19"><span class='ocrx_word' id='word_1_111' title='bbox 214 2121 321 2201; x_wconf 88' lang='lat' dir='ltr'>Quom</span> <span class='ocrx_word' id='word_1_112' title='bbox 345 2117 439 2181; x_wconf 87' lang='lat' dir='ltr'>maris</span> <span class='ocrx_word' id='word_1_113' title='bbox 461 2114 581 2179; x_wconf 85' lang='lat' dir='ltr'>Euxini</span> <span class='ocrx_word' id='word_1_114' title='bbox 603 2113 728 2196; x_wconf 82' lang='lat' dir='ltr'>positos</span> <span class='ocrx_word' id='word_1_115' title='bbox 751 2115 792 2174; x_wconf 89' lang='lat' dir='ltr'>ad</span> <span class='ocrx_word' id='word_1_116' title='bbox 812 2113 902 2176; x_wconf 88' lang='lat' dir='ltr'>laeva</span> <span class='ocrx_word' id='word_1_117' title='bbox 926 2112 1073 2177; x_wconf 85' lang='lat' dir='ltr'>Tomitas</span> 
     </span>
     <span class='ocr_line' id='line_1_20' title="bbox 278 2213 992 2302; baseline -0.006 -21"><span class='ocrx_word' id='word_1_118' title='bbox 278 2222 444 2302; x_wconf 79' lang='lat' dir='ltr'>Quaerere</span> <span class='ocrx_word' id='word_1_119' title='bbox 467 2239 515 2280; x_wconf 89' lang='lat' dir='ltr'>me</span> <span class='ocrx_word' id='word_1_120' title='bbox 537 2215 615 2279; x_wconf 89' lang='lat' dir='ltr'>laesi</span> <span class='ocrx_word' id='word_1_121' title='bbox 637 2213 799 2296; x_wconf 88' lang='lat' dir='ltr'>Principis</span> <span class='ocrx_word' id='word_1_122' title='bbox 822 2213 869 2276; x_wconf 93' lang='lat' dir='ltr'>ira</span> <span class='ocrx_word' id='word_1_123' title='bbox 891 2213 992 2277; x_wconf 89' lang='lat' dir='ltr'>iubet.</span> 
     </span>
    </p>

    <p class='ocr_par' dir='ltr' id='par_1_12' title="bbox 216 2316 1342 2488">
     <span class='ocr_line' id='line_1_21' title="bbox 216 2316 1118 2398; baseline -0.008 -10"><span class='ocrx_word' id='word_1_124' title='bbox 216 2323 322 2389; x_wconf 84' lang='lat' dir='ltr'>Causa</span> <span class='ocrx_word' id='word_1_125' title='bbox 346 2341 433 2384; x_wconf 85' lang='lat' dir='ltr'>meae</span> <span class='ocrx_word' id='word_1_126' title='bbox 457 2317 580 2382; x_wconf 81' lang='lat' dir='ltr'>cunctis</span> <span class='ocrx_word' id='word_1_127' title='bbox 602 2316 731 2380; x_wconf 88' lang='lat' dir='ltr'>nimium</span> <span class='ocrx_word' id='word_1_128' title='bbox 755 2335 885 2398; x_wconf 89' lang='lat' dir='ltr'>quoqne</span> <span class='ocrx_word' id='word_1_129' title='bbox 908 2327 985 2379; x_wconf 86' lang='lat' dir='ltr'>nota</span> <span class='ocrx_word' id='word_1_130' title='bbox 1007 2316 1118 2381; x_wconf 88' lang='lat' dir='ltr'>ruinae</span> 
     </span>
     <span class='ocr_line' id='line_1_22' title="bbox 278 2417 1342 2488; baseline -0.011 0"><span class='ocrx_word' id='word_1_131' title='bbox 278 2423 401 2488; x_wconf 88' lang='lat' dir='ltr'>Iudicio</span> <span class='ocrx_word' id='word_1_132' title='bbox 424 2442 487 2485; x_wconf 91' lang='lat' dir='ltr'>non</span> <span class='ocrx_word' id='word_1_133' title='bbox 511 2429 559 2483; x_wconf 89' lang='lat' dir='ltr'>est</span> <span class='ocrx_word' id='word_1_134' title='bbox 581 2417 778 2480; x_wconf 86' lang='lat' dir='ltr'>testificanda</span> <span class='ocrx_word' id='word_1_135' title='bbox 800 2437 884 2480; x_wconf 88' lang='lat' dir='ltr'>meo.</span> <span class='ocrx_word' id='word_1_136' title='bbox 1278 2425 1342 2487; x_wconf 74' lang='lat'>100</span> 
     </span>
    </p>

    <p class='ocr_par' dir='ltr' id='par_1_13' title="bbox 215 2518 1242 2711">
     <span class='ocr_line' id='line_1_23' title="bbox 215 2518 1242 2609; baseline -0.004 -19"><span class='ocrx_word' id='word_1_137' title='bbox 215 2527 300 2609; x_wconf 88' lang='lat' dir='ltr'>Quid</span> <span class='ocrx_word' id='word_1_138' title='bbox 323 2525 461 2590; x_wconf 88' lang='lat' dir='ltr'>referam</span> <span class='ocrx_word' id='word_1_139' title='bbox 484 2519 704 2602; x_wconf 87' lang='lat' dir='ltr'>comitumque</span> <span class='ocrx_word' id='word_1_140' title='bbox 726 2518 817 2580; x_wconf 83' lang='lat' dir='ltr'>nefus</span> <span class='ocrx_word' id='word_1_141' title='bbox 839 2518 1040 2601; x_wconf 82' lang='lat' dir='ltr'>fanrrtlosque</span> <span class='ocrx_word' id='word_1_142' title='bbox 1063 2523 1242 2586; x_wconf 80' lang='lat' dir='ltr'>nocentes?</span> 
     </span>
     <span class='ocr_line' id='line_1_24' title="bbox 277 2619 901 2711; baseline -0.016 -19"><span class='ocrx_word' id='word_1_143' title='bbox 277 2630 355 2711; x_wconf 86' lang='lat' dir='ltr'>Ipsa</span> <span class='ocrx_word' id='word_1_144' title='bbox 378 2628 473 2689; x_wconf 87' lang='lat' dir='ltr'>multa</span> <span class='ocrx_word' id='word_1_145' title='bbox 496 2622 554 2686; x_wconf 88' lang='lat' dir='ltr'>tuli</span> <span class='ocrx_word' id='word_1_146' title='bbox 576 2643 640 2685; x_wconf 92' lang='lat' dir='ltr'>non</span> <span class='ocrx_word' id='word_1_147' title='bbox 664 2619 786 2684; x_wconf 83' lang='lat' dir='ltr'>leviora</span> <span class='ocrx_word' id='word_1_148' title='bbox 809 2620 901 2703; x_wconf 86' lang='lat' dir='ltr'>iuga.</span> 
     </span>
    </p>

    <p class='ocr_par' dir='ltr' id='par_1_14' title="bbox 215 2724 1028 2897">
     <span class='ocr_line' id='line_1_25' title="bbox 215 2724 1028 2816; baseline -0.012 -21"><span class='ocrx_word' id='word_1_149' title='bbox 215 2731 384 2816; x_wconf 82' lang='lat' dir='ltr'>Indignata</span> <span class='ocrx_word' id='word_1_150' title='bbox 406 2725 495 2790; x_wconf 89' lang='lat' dir='ltr'>malis</span> <span class='ocrx_word' id='word_1_151' title='bbox 518 2745 604 2787; x_wconf 89' lang='lat' dir='ltr'>mens</span> <span class='ocrx_word' id='word_1_152' title='bbox 627 2734 674 2785; x_wconf 89' lang='lat' dir='ltr'>est</span> <span class='ocrx_word' id='word_1_153' title='bbox 697 2724 906 2785; x_wconf 87' lang='lat' dir='ltr'>succumbere</span> <span class='ocrx_word' id='word_1_154' title='bbox 929 2743 1028 2806; x_wconf 87' lang='lat' dir='ltr'>seque</span> 
     </span>
     <span class='ocr_line' id='line_1_26' title="bbox 276 2823 940 2897; baseline -0.018 0"><span class='ocrx_word' id='word_1_155' title='bbox 276 2829 443 2897; x_wconf 88' lang='lat' dir='ltr'>Praestitit</span> <span class='ocrx_word' id='word_1_156' title='bbox 465 2827 614 2890; x_wconf 89' lang='lat' dir='ltr'>invictam</span> <span class='ocrx_word' id='word_1_157' title='bbox 637 2823 760 2887; x_wconf 87' lang='lat' dir='ltr'>viribus</span> <span class='ocrx_word' id='word_1_158' title='bbox 783 2844 840 2886; x_wconf 78' lang='lat' dir='ltr'>arsa</span> <span class='ocrx_word' id='word_1_159' title='bbox 862 2823 940 2886; x_wconf 91' lang='lat' dir='ltr'>suis.</span> 
     </span>
    </p>

    <p class='ocr_par' dir='ltr' id='par_1_15' title="bbox 214 2925 1022 3114">
     <span class='ocr_line' id='line_1_27' title="bbox 214 2925 1022 3017; baseline -0.015 -16"><span class='ocrx_word' id='word_1_160' title='bbox 214 2934 407 3017; x_wconf 91' lang='lat' dir='ltr'>Oblitusque</span> <span class='ocrx_word' id='word_1_161' title='bbox 429 2943 526 3014; x_wconf 86' lang='lat' dir='ltr'>togae</span> <span class='ocrx_word' id='word_1_162' title='bbox 548 2932 722 3009; x_wconf 87' lang='lat' dir='ltr'>ductaeque</span> <span class='ocrx_word' id='word_1_163' title='bbox 746 2946 805 3005; x_wconf 89' lang='lat' dir='ltr'>per</span> <span class='ocrx_word' id='word_1_164' title='bbox 828 2925 894 2989; x_wconf 88' lang='lat' dir='ltr'>otia</span> <span class='ocrx_word' id='word_1_165' title='bbox 918 2926 1022 3003; x_wconf 87' lang='lat' dir='ltr'>vitae,</span> 
     </span>
     <span class='ocr_line' id='line_1_28' title="bbox 276 3029 930 3114; baseline -0.015 -14"><span class='ocrx_word' id='word_1_166' title='bbox 276 3035 412 3100; x_wconf 89' lang='lat' dir='ltr'>Insoiita</span> <span class='ocrx_word' id='word_1_167' title='bbox 435 3031 505 3114; x_wconf 92' lang='lat' dir='ltr'>cepi</span> <span class='ocrx_word' id='word_1_168' title='bbox 525 3029 678 3112; x_wconf 89' lang='lat' dir='ltr'>temporis</span> <span class='ocrx_word' id='word_1_169' title='bbox 702 3049 788 3090; x_wconf 88' lang='lat' dir='ltr'>arma</span> <span class='ocrx_word' id='word_1_170' title='bbox 812 3050 930 3104; x_wconf 90' lang='lat' dir='ltr'>manu;</span> 
     </span>
    </p>

    <p class='ocr_par' dir='ltr' id='par_1_16' title="bbox 215 3131 1084 3314">
     <span class='ocr_line' id='line_1_29' title="bbox 215 3131 1084 3222; baseline -0.009 -19"><span class='ocrx_word' id='word_1_171' title='bbox 215 3143 346 3222; x_wconf 88' lang='lat' dir='ltr'>Totque</span> <span class='ocrx_word' id='word_1_172' title='bbox 369 3134 428 3198; x_wconf 90' lang='lat' dir='ltr'>tuli</span> <span class='ocrx_word' id='word_1_173' title='bbox 450 3146 535 3196; x_wconf 89' lang='lat' dir='ltr'>terra</span> <span class='ocrx_word' id='word_1_174' title='bbox 559 3152 649 3193; x_wconf 79' lang='lat' dir='ltr'>castus</span> <span class='ocrx_word' id='word_1_175' title='bbox 672 3131 873 3214; x_wconf 83' lang='lat' dir='ltr'>pelagoque,</span> <span class='ocrx_word' id='word_1_176' title='bbox 899 3142 978 3214; x_wconf 88' lang='lat' dir='ltr'>quot</span> <span class='ocrx_word' id='word_1_177' title='bbox 999 3132 1084 3196; x_wconf 91' lang='lat' dir='ltr'>inter</span> 
     </span>
     <span class='ocr_line' id='line_1_30' title="bbox 279 3231 1022 3314; baseline -0.009 -11"><span class='ocrx_word' id='word_1_178' title='bbox 279 3239 449 3305; x_wconf 84' lang='lat' dir='ltr'>Occultum</span> <span class='ocrx_word' id='word_1_179' title='bbox 473 3235 581 3298; x_wconf 89' lang='lat' dir='ltr'>stellae</span> <span class='ocrx_word' id='word_1_180' title='bbox 604 3231 877 3314; x_wconf 85' lang='lat' dir='ltr'>conspicuumque</span> <span class='ocrx_word' id='word_1_181' title='bbox 899 3233 1022 3313; x_wconf 86' lang='lat' dir='ltr'>polum.</span> 
     </span>
    </p>

    <p class='ocr_par' dir='ltr' id='par_1_17' title="bbox 100 3333 978 3418">
     <span class='ocr_line' id='line_1_31' title="bbox 100 3333 978 3418; baseline -0.014 -9"><span class='ocrx_word' id='word_1_182' title='bbox 100 3337 102 3342; x_wconf 59' lang='grc'>’</span> <span class='ocrx_word' id='word_1_183' title='bbox 216 3345 318 3407; x_wconf 86' lang='lat' dir='ltr'>Tacta</span> <span class='ocrx_word' id='word_1_184' title='bbox 343 3338 419 3402; x_wconf 91' lang='lat' dir='ltr'>mihi</span> <span class='ocrx_word' id='word_1_185' title='bbox 440 3339 564 3399; x_wconf 89' lang='lat' dir='ltr'>tandem</span> <span class='ocrx_word' id='word_1_186' title='bbox 588 3335 693 3418; x_wconf 87' lang='lat' dir='ltr'>longis</span> <span class='ocrx_word' id='word_1_187' title='bbox 717 3333 882 3396; x_wconf 86' lang='lat' dir='ltr'>erroribus</span> <span class='ocrx_word' id='word_1_188' title='bbox 905 3345 978 3398; x_wconf 91' lang='lat' dir='ltr'>acto</span> 
     </span>
    </p>

    <p class='ocr_par' dir='ltr' id='par_1_18' title="bbox 278 3434 987 3522">
     <span class='ocr_line' id='line_1_32' title="bbox 278 3434 987 3522; baseline -0.008 -16"><span class='ocrx_word' id='word_1_189' title='bbox 278 3445 393 3507; x_wconf 89' lang='lat' dir='ltr'>Iuncta</span> <span class='ocrx_word' id='word_1_190' title='bbox 415 3439 605 3522; x_wconf 89' lang='lat' dir='ltr'>pharetratis</span> <span class='ocrx_word' id='word_1_191' title='bbox 628 3434 777 3499; x_wconf 88' lang='lat' dir='ltr'>Sarmatis</span> <span class='ocrx_word' id='word_1_192' title='bbox 802 3455 860 3498; x_wconf 89' lang='lat' dir='ltr'>ora</span> <span class='ocrx_word' id='word_1_193' title='bbox 883 3436 987 3500; x_wconf 85' lang='lat' dir='ltr'>Getis.</span> 
     </span>
    </p>

    <p class='ocr_par' dir='ltr' id='par_1_19' title="bbox 215 3537 1093 3727">
     <span class='ocr_line' id='line_1_33' title="bbox 215 3537 1093 3628; baseline -0.009 -18"><span class='ocrx_word' id='word_1_194' title='bbox 215 3545 281 3610; x_wconf 89' lang='lat' dir='ltr'>Hic</span> <span class='ocrx_word' id='word_1_195' title='bbox 303 3565 385 3628; x_wconf 83' lang='lat' dir='ltr'>ego,</span> <span class='ocrx_word' id='word_1_196' title='bbox 410 3540 549 3605; x_wconf 85' lang='lat' dir='ltr'>linitimis</span> <span class='ocrx_word' id='word_1_197' title='bbox 572 3537 715 3622; x_wconf 87' lang='lat' dir='ltr'>quamvis</span> <span class='ocrx_word' id='word_1_198' title='bbox 739 3537 957 3600; x_wconf 87' lang='lat' dir='ltr'>circumsoner</span> <span class='ocrx_word' id='word_1_199' title='bbox 980 3540 1093 3617; x_wconf 88' lang='lat' dir='ltr'>armis,</span> 
     </span>
     <span class='ocr_line' id='line_1_34' title="bbox 279 3639 1042 3727; baseline -0.007 -18"><span class='ocrx_word' id='word_1_200' title='bbox 279 3645 415 3722; x_wconf 86' lang='lat' dir='ltr'>Tristia,</span> <span class='ocrx_word' id='word_1_201' title='bbox 440 3664 507 3727; x_wconf 92' lang='lat' dir='ltr'>quo</span> <span class='ocrx_word' id='word_1_202' title='bbox 529 3661 680 3724; x_wconf 86' lang='lat' dir='ltr'>possum,</span> <span class='ocrx_word' id='word_1_203' title='bbox 706 3639 844 3701; x_wconf 81' lang='lat' dir='ltr'>carmine</span> <span class='ocrx_word' id='word_1_204' title='bbox 866 3641 930 3703; x_wconf 87' lang='lat' dir='ltr'>lata</span> <span class='ocrx_word' id='word_1_205' title='bbox 954 3641 1042 3706; x_wconf 84' lang='lat' dir='ltr'>levo.</span> 
     </span>
    </p>
   </div>
   <div class='ocr_carea' id='block_1_3' title="bbox 214 3860 1341 4338">
    <p class='ocr_par' dir='ltr' id='par_1_20' title="bbox 214 3860 1341 4338">
     <span class='ocr_line' id='line_1_35' title="bbox 285 3860 1336 3915; baseline 0 -4"><span class='ocrx_word' id='word_1_206' title='bbox 285 3863 327 3911; x_wconf 83' lang='grc'>80.</span> <span class='ocrx_word' id='word_1_207' title='bbox 347 3864 419 3909; x_wconf 82' lang='lat' dir='ltr'>busta</span> <span class='ocrx_word' id='word_1_208' title='bbox 441 3863 517 3907; x_wconf 74' lang='lat' dir='ltr'>Gonu.</span> <span class='ocrx_word' id='word_1_209' title='bbox 537 3861 605 3904; x_wconf 75' lang='lat' dir='ltr'>iustu</span> <span class='ocrx_word' id='word_1_210' title='bbox 624 3860 707 3904; x_wconf 82' lang='lat' dir='ltr'>Cniuc.</span> <span class='ocrx_word' id='word_1_211' title='bbox 728 3860 811 3904; x_wconf 85' lang='lat' dir='ltr'>lleins.</span> <span class='ocrx_word' id='word_1_212' title='bbox 834 3861 899 3904; x_wconf 86' lang='lat' dir='ltr'>coni.</span> <span class='ocrx_word' id='word_1_213' title='bbox 918 3861 1038 3915; x_wconf 82' lang='lat' dir='ltr'>Perpetua</span> <span class='ocrx_word' id='word_1_214' title='bbox 1057 3861 1114 3906; x_wconf 81' lang='lat' dir='ltr'>baec</span> <span class='ocrx_word' id='word_1_215' title='bbox 1133 3863 1253 3909; x_wconf 83' lang='lat' dir='ltr'>conlusio.</span> <span class='ocrx_word' id='word_1_216' title='bbox 1274 3867 1336 3911; x_wconf 81' lang='lat' dir='ltr'>Stat.</span> 
     </span>
     <span class='ocr_line' id='line_1_36' title="bbox 216 3925 1339 3994; baseline 0 -15"><span class='ocrx_word' id='word_1_217' title='bbox 216 3938 275 3980; x_wconf 84' lang='lat' dir='ltr'>Silv.</span> <span class='ocrx_word' id='word_1_218' title='bbox 297 3932 321 3987; x_wconf 80' lang='lat'>3,</span> <span class='ocrx_word' id='word_1_219' title='bbox 342 3931 367 3987; x_wconf 80' lang='lat'>2,</span> <span class='ocrx_word' id='word_1_220' title='bbox 389 3929 447 3976; x_wconf 75' lang='lat'>142.</span> <span class='ocrx_word' id='word_1_221' title='bbox 497 3929 543 3974; x_wconf 79' lang='lat' dir='ltr'>Aet</span> <span class='ocrx_word' id='word_1_222' title='bbox 560 3941 625 3988; x_wconf 80' lang='lat' dir='ltr'>ego,</span> <span class='ocrx_word' id='word_1_223' title='bbox 646 3925 778 3984; x_wconf 76' lang='lat' dir='ltr'>(narrabo)</span> <span class='ocrx_word' id='word_1_224' title='bbox 796 3927 901 3974; x_wconf 74' lang='lat' dir='ltr'>devietis</span> <span class='ocrx_word' id='word_1_225' title='bbox 919 3927 1031 3974; x_wconf 82' lang='lat' dir='ltr'>dederim</span> <span class='ocrx_word' id='word_1_226' title='bbox 1050 3943 1112 3988; x_wconf 82' lang='lat' dir='ltr'>quae</span> <span class='ocrx_word' id='word_1_227' title='bbox 1125 3931 1198 3976; x_wconf 79' lang='lat' dir='ltr'>burte</span> <span class='ocrx_word' id='word_1_228' title='bbox 1209 3931 1339 3994; x_wconf 75' lang='lat' dir='ltr'>Pelasgia.</span> 
     </span>
     <span class='ocr_line' id='line_1_37' title="bbox 215 3994 1339 4058; baseline -0.001 -10"><span class='ocrx_word' id='word_1_229' title='bbox 215 4006 303 4049; x_wconf 84' lang='lat' dir='ltr'>ibidem</span> <span class='ocrx_word' id='word_1_230' title='bbox 318 4003 403 4047; x_wconf 87' lang='lat' dir='ltr'>lleius.</span> <span class='ocrx_word' id='word_1_231' title='bbox 421 4000 548 4044; x_wconf 78' lang='lat' dir='ltr'>etlllurlrl.</span> <span class='ocrx_word' id='word_1_232' title='bbox 570 3999 758 4042; x_wconf 62' lang='lat' dir='ltr'>circumiectu.</span> <span class='ocrx_word' id='word_1_233' title='bbox 797 3994 839 4044; x_wconf 80' lang='lat' dir='ltr'>tt.</span> <span class='ocrx_word' id='word_1_234' title='bbox 860 3997 946 4040; x_wconf 73' lang='lat' dir='ltr'>umbos</span> <span class='ocrx_word' id='word_1_235' title='bbox 966 3997 1026 4045; x_wconf 85' lang='lat' dir='ltr'>Cod.</span> <span class='ocrx_word' id='word_1_236' title='bbox 1047 3999 1070 4043; x_wconf 90' lang='lat'>1.</span> <span class='ocrx_word' id='word_1_237' title='bbox 1103 3999 1140 4044; x_wconf 89' lang='lat' dir='ltr'>lb.</span> <span class='ocrx_word' id='word_1_238' title='bbox 1154 4002 1278 4058; x_wconf 78' lang='lat' dir='ltr'>sepultos.</span> <span class='ocrx_word' id='word_1_239' title='bbox 1293 4004 1339 4047; x_wconf 80' lang='lat' dir='ltr'>ild.</span> 
     </span>
     <span class='ocr_line' id='line_1_38' title="bbox 215 4063 1339 4125; baseline -0.002 -7"><span class='ocrx_word' id='word_1_240' title='bbox 215 4074 288 4118; x_wconf 79' lang='lat' dir='ltr'>litun.</span> <span class='ocrx_word' id='word_1_241' title='bbox 319 4072 403 4114; x_wconf 76' lang='lat' dir='ltr'>Burin.</span> <span class='ocrx_word' id='word_1_242' title='bbox 431 4068 495 4111; x_wconf 88' lang='lat' dir='ltr'>coni.</span> <span class='ocrx_word' id='word_1_243' title='bbox 521 4065 613 4123; x_wconf 76' lang='lat' dir='ltr'>sepulti</span> <span class='ocrx_word' id='word_1_244' title='bbox 639 4067 719 4120; x_wconf 74' lang='lat' dir='ltr'>vulgo.</span> <span class='ocrx_word' id='word_1_245' title='bbox 788 4063 829 4111; x_wconf 80' lang='lat'>92.</span> <span class='ocrx_word' id='word_1_246' title='bbox 849 4079 912 4125; x_wconf 81' lang='lat' dir='ltr'>quus</span> <span class='ocrx_word' id='word_1_247' title='bbox 936 4066 1011 4111; x_wconf 78' lang='lat' dir='ltr'>Cold.</span> <span class='ocrx_word' id='word_1_248' title='bbox 1035 4068 1152 4125; x_wconf 80' lang='lat' dir='ltr'>plerique.</span> <span class='ocrx_word' id='word_1_249' title='bbox 1209 4068 1250 4116; x_wconf 77' lang='lat'>95.</span> <span class='ocrx_word' id='word_1_250' title='bbox 1270 4086 1294 4120; x_wconf 82' lang='lat' dir='ltr'>a.</span> <span class='ocrx_word' id='word_1_251' title='bbox 1315 4087 1339 4116; x_wconf 92' lang='lat' dir='ltr'>u.</span> 
     </span>
     <span class='ocr_line' id='line_1_39' title="bbox 217 4132 1340 4196; baseline 0 -8"><span class='ocrx_word' id='word_1_252' title='bbox 217 4141 276 4188; x_wconf 74' lang='lat'>762.</span> <span class='ocrx_word' id='word_1_253' title='bbox 297 4139 376 4184; x_wconf 75' lang='lat' dir='ltr'>ovidii</span> <span class='ocrx_word' id='word_1_254' title='bbox 395 4137 436 4181; x_wconf 77' lang='lat' dir='ltr'>bl.</span> <span class='ocrx_word' id='word_1_255' title='bbox 457 4141 481 4180; x_wconf 84' lang='lat' dir='ltr'>et</span> <span class='ocrx_word' id='word_1_256' title='bbox 498 4135 551 4182; x_wconf 81' lang='lat' dir='ltr'>Lll.</span> <span class='ocrx_word' id='word_1_257' title='bbox 573 4149 644 4182; x_wconf 83' lang='lat' dir='ltr'>anno.</span> <span class='ocrx_word' id='word_1_258' title='bbox 664 4147 688 4178; x_wconf 82' lang='lat' dir='ltr'>v.</span> <span class='ocrx_word' id='word_1_259' title='bbox 707 4136 816 4178; x_wconf 79' lang='lat' dir='ltr'>lllasson.</span> <span class='ocrx_word' id='word_1_260' title='bbox 836 4148 860 4189; x_wconf 87' lang='lat' dir='ltr'>p.</span> <span class='ocrx_word' id='word_1_261' title='bbox 882 4132 924 4179; x_wconf 83' lang='lat'>92.</span> <span class='ocrx_word' id='word_1_262' title='bbox 981 4133 1022 4180; x_wconf 81' lang='lat'>9⁶.</span> <span class='ocrx_word' id='word_1_263' title='bbox 1049 4135 1137 4196; x_wconf 77' lang='lat' dir='ltr'>equus]</span> <span class='ocrx_word' id='word_1_264' title='bbox 1155 4139 1234 4184; x_wconf 81' lang='lat' dir='ltr'>Bentl.</span> <span class='ocrx_word' id='word_1_265' title='bbox 1255 4141 1340 4188; x_wconf 86' lang='lat' dir='ltr'>Bnrm.</span> 
     </span>
     <span class='ocr_line' id='line_1_40' title="bbox 214 4201 1341 4267; baseline -0.003 -10"><span class='ocrx_word' id='word_1_266' title='bbox 214 4213 278 4256; x_wconf 85' lang='lat' dir='ltr'>coni.</span> <span class='ocrx_word' id='word_1_267' title='bbox 298 4220 373 4267; x_wconf 74' lang='lat' dir='ltr'>eques</span> <span class='ocrx_word' id='word_1_268' title='bbox 391 4205 466 4258; x_wconf 74' lang='lat' dir='ltr'>Codd,</span> <span class='ocrx_word' id='word_1_269' title='bbox 526 4201 583 4249; x_wconf 83' lang='grc'><strong>105.</strong></span> <span class='ocrx_word' id='word_1_270' title='bbox 605 4201 688 4263; x_wconf 80' lang='lat' dir='ltr'>togae]</span> <span class='ocrx_word' id='word_1_271' title='bbox 708 4204 768 4247; x_wconf 87' lang='lat' dir='ltr'>Cod.</span> <span class='ocrx_word' id='word_1_272' title='bbox 788 4203 881 4247; x_wconf 82' lang='lat' dir='ltr'>lticlrel.</span> <span class='ocrx_word' id='word_1_273' title='bbox 902 4205 964 4262; x_wconf 82' lang='lat' dir='ltr'>quod</span> <span class='ocrx_word' id='word_1_274' title='bbox 982 4206 1067 4249; x_wconf 77' lang='lat' dir='ltr'>Burin.</span> <span class='ocrx_word' id='word_1_275' title='bbox 1094 4207 1195 4262; x_wconf 79' lang='lat' dir='ltr'>recepit.</span> <span class='ocrx_word' id='word_1_276' title='bbox 1214 4209 1266 4253; x_wconf 81' lang='lat' dir='ltr'>mer·</span> <span class='ocrx_word' id='word_1_277' title='bbox 1283 4211 1341 4255; x_wconf 79' lang='lat' dir='ltr'>reli·</span> 
     </span>
     <span class='ocr_line' id='line_1_41' title="bbox 215 4269 1020 4338; baseline -0.01 -12"><span class='ocrx_word' id='word_1_278' title='bbox 215 4283 254 4338; x_wconf 90' lang='lat' dir='ltr'>qui</span> <span class='ocrx_word' id='word_1_279' title='bbox 274 4277 350 4324; x_wconf 82' lang='lat' dir='ltr'>Codd.</span> <span class='ocrx_word' id='word_1_280' title='bbox 407 4269 465 4318; x_wconf 87' lang='grc'><strong>106.</strong></span> <span class='ocrx_word' id='word_1_281' title='bbox 485 4279 536 4317; x_wconf 85' lang='lat' dir='ltr'>tum</span> <span class='ocrx_word' id='word_1_282' title='bbox 550 4273 626 4331; x_wconf 78' lang='lat' dir='ltr'>prius</span> <span class='ocrx_word' id='word_1_283' title='bbox 645 4273 708 4316; x_wconf 81' lang='lat' dir='ltr'>scal.</span> <span class='ocrx_word' id='word_1_284' title='bbox 767 4269 824 4316; x_wconf 78' lang='lat'><strong>112.</strong></span> <span class='ocrx_word' id='word_1_285' title='bbox 845 4285 894 4330; x_wconf 83' lang='lat' dir='ltr'>qun</span> <span class='ocrx_word' id='word_1_286' title='bbox 912 4272 973 4318; x_wconf 86' lang='lat' dir='ltr'>Cod.</span> <span class='ocrx_word' id='word_1_287' title='bbox 996 4273 1020 4318; x_wconf 85' lang='lat' dir='ltr'>t.</span> 
     </span>
    </p>
   </div>
   <div class='ocr_carea' id='block_1_4' title="bbox 0 0 1487 4814">
    <p class='ocr_par' dir='ltr' id='par_1_21' title="bbox 0 0 1487 4814">
     <span class='ocr_line' id='line_1_42' title="bbox 0 0 1487 4814; baseline 0 0"><span class='ocrx_word' id='word_1_288' title='bbox 0 0 1487 4814; x_wconf 95' lang='lat' dir='ltr'> </span> 
     </span>
    </p>
   </div>
  </div>
 </body>
</html>
