2964 4814
232 207 294 272 rto

230 366 337 446 Quom
358 363 391 427 in
412 359 550 427 cinerem
571 380 669 424 canos
688 359 816 424 solvent
834 379 852 422 a
869 357 992 424 vertice
1009 356 1109 424 crinis

230 466 429 552 Putridaque
451 461 587 528 infirmis
606 459 776 526 variabunt
796 471 932 544 pectora
950 458 1079 541 palmis.

231 569 362 636 Currite
387 572 537 632 ducentes
560 563 755 640 subtemina,
780 561 917 639 currite,
940 562 1019 628 lusi.

290 673 437 756 Namque
459 670 547 732 velut
568 671 680 731 densas
700 687 915 749 praecerpens
936 666 1043 731 cultor
1062 664 1191 745 aristas,
1288 671 1349 736 355

231 773 309 838 S'ole
333 775 390 836 sub
415 769 538 834 ardenti
557 769 709 833 flaventia
732 769 862 833 demetit
881 790 975 846 arva,

233 875 458 959 Troiugeniim
477 873 595 937 infesto
621 883 807 955 prosternet
826 893 970 955 corpora
990 871 1096 938 ferro.

229 977 360 1042 Currite
384 981 533 1046 ducentes
555 974 754 1052 subtemina,
776 973 917 1050 currite,
940 973 1018 1038 susi.

294 1078 401 1144 Testis
422 1077 484 1142 erit
507 1077 630 1163 magnis
652 1077 826 1142 virtutibus
847 1081 930 1140 unda
952 1076 1156 1156 Scamandri,

230 1183 320 1263 Quae
340 1181 458 1264 passim
477 1180 593 1263 rapido
618 1179 804 1245 diffunditur
823 1180 1058 1262 Hellesponto:
1116 1185 1125 1198 ”

229 1285 354 1366 Quoius
370 1285 432 1349 iter
455 1283 555 1348 caesis
577 1293 748 1368 angustans
769 1305 947 1365 corporum
969 1283 1094 1347 acervis

228 1388 307 1452 Alta
326 1387 498 1470 tepefaciet
519 1387 679 1468 permixta
702 1385 832 1449 flumina
857 1390 966 1449 caede.

231 1490 362 1555 Currite
384 1493 533 1553 ducentes
556 1489 750 1564 subtemina,
774 1485 912 1564 currite,
936 1483 1011 1552 fusi.

291 1592 439 1678 Denique
460 1591 549 1654 testis
568 1590 629 1654 erit
651 1590 749 1655 morti
766 1612 895 1676 quoque
915 1589 1040 1654 reddita
1060 1594 1199 1675 praeda:

230 1697 337 1776 Quom
355 1706 440 1758 teres
464 1694 594 1757 excelso
618 1705 843 1758 coacervatum
865 1715 985 1778 aggere
1003 1696 1129 1758 bustum

227 1796 380 1880 Excipiet
404 1796 516 1860 niveos
539 1818 708 1878 percussae
732 1793 869 1879 virginis
893 1806 994 1860 artus.

229 1898 362 1966 Currite
382 1903 530 1962 ducentes
552 1899 747 1973 subtemina,
772 1896 906 1973 currite,
930 1898 1008 1962 fusi.

292 2005 376 2065 Nam
399 2001 490 2064 simul
514 2024 552 2064 ac
573 2002 665 2064 fessis
687 2000 809 2064 dederit
831 2003 917 2065 Fors
937 2001 1065 2085 copiam
1084 2003 1222 2070 Achivis

229 2102 332 2169 Urbis
351 2103 533 2169 Dardaniae
553 2102 716 2185 Neptunia
739 2102 867 2168 solvere
886 2104 1011 2181 vincla,

228 2207 304 2270 Alta
326 2205 508 2286 Polyxenia
531 2207 700 2268 madefient
722 2210 817 2269 caede
837 2207 997 2288 sepulcra.
1286 2211 1353 2276 370

227 2310 316 2389 Quae
339 2308 425 2371 velut
447 2306 579 2389 ancipiti
603 2311 811 2370 succumbens
830 2308 960 2372 victima
981 2309 1092 2388 ferro,

227 2410 385 2476 Proiiciet
406 2420 552 2472 truncum
573 2408 730 2473 submisso
750 2409 876 2492 poplite
903 2433 1038 2493 corpus.

228 2512 360 2579 Currite
381 2516 530 2575 ducentes
555 2511 748 2588 subtemina,
773 2511 909 2589 currite,
932 2514 1007 2577 fusi.

293 2616 399 2695 Quare
425 2613 529 2698 agite,
554 2624 683 2695 optatos
706 2613 801 2678 animi
824 2614 1009 2700 coniungite
1033 2639 1172 2682 amores.

191 2713 198 2722 ⁶
227 2717 381 2800 Accipiat
401 2715 522 2780 coniux
544 2715 633 2779 felici
655 2717 786 2782 foedere
807 2717 929 2794 divam,
1285 2723 1350 2790 375

281 2898 340 2948 355.
354 2913 528 2958 praecernens
547 2899 623 2943 Codd.
638 2901 735 2957 aliquot.
747 2901 837 2946 Arane.
853 2901 956 2946 Corrad.
973 2903 1033 2947 unde
1045 2903 1149 2959 Statius,
1163 2904 1262 2950 Lachm.
1272 2920 1354 2964 prue-

227 2983 352 3028 cerpens;
371 2972 433 3027 quod
444 2983 505 3030 nnuc
515 2969 604 3023 recepi.
620 2992 652 3003 -
665 2977 832 3027 prosternens
844 2973 933 3030 Vulgo.
955 2973 1017 3016 Tum
1030 2986 1127 3018 messor
1137 2976 1206 3018 Aldd.
1216 2975 1281 3020 Mur.
1294 2978 1350 3022 Sili.

229 3037 288 3085 359.
308 3040 397 3098 magni
418 3040 500 3082 Heius.
551 3035 609 3082 361.
630 3045 772 3098 angustans
790 3055 802 3084 1
819 3040 880 3084 Cod.
901 3043 982 3086 burm.
1001 3043 1056 3087 Sec.
1106 3040 1165 3091 361.
1186 3043 1270 3089 dedite
1285 3048 1350 3093 siat.

226 3111 298 3154 Doer,
315 3107 387 3166 Ging.
402 3110 454 3153 Ast.
473 3107 604 3152 einbach.
620 3110 648 3151 ad
662 3109 717 3156 Tib.
731 3124 754 3165 p.
767 3107 809 3155 30.
855 3108 913 3156 365.
934 3117 1001 3156 terre
1014 3113 1117 3156 excelso
1129 3114 1191 3158 Veu.
1212 3139 1245 3148 -
1265 3122 1352 3160 terroe

226 3180 328 3223 excelso
348 3178 423 3222 Gnar.
438 3180 490 3222 Ast.
510 3179 549 3234 qui
568 3178 660 3222 confert
676 3180 737 3223 Aen.
754 3179 800 3235 11,
822 3178 881 3226 850.
911 3203 940 3214 -
965 3188 1065 3226 terreno
1083 3197 1117 3226 ex
1135 3197 1231 3244 aggere
1250 3185 1351 3230 bustum

227 3262 303 3305 eoque
322 3250 467 3303 propendet,
498 3252 522 3289 ut
547 3246 668 3291 scribatur
692 3255 775 3293 terroe
794 3263 828 3293 ex
848 3253 931 3305 celso;
962 3257 1045 3294 terrae
1064 3265 1077 3294 e
1096 3253 1163 3298 celso
1182 3254 1276 3298 Censor
1295 3255 1349 3300 lon.

227 3317 304 3378 Quom
326 3317 451 3362 Teucrum
470 3331 482 3359 e
500 3330 575 3360 cosso
593 3325 765 3362 coacervatum
785 3321 886 3379 agmine
906 3322 987 3366 licius.
1044 3317 1102 3369 366.
1117 3336 1260 3379 percussae
1277 3324 1347 3380 Lips.

227 3390 290 3433 Ven.
307 3388 404 3432 Marcii.
422 3386 647 3432 1111111111.
664 3388 692 3444 6,
708 3385 767 3433 310.
784 3391 838 3434 Ast.
857 3392 919 3446 quod
939 3393 967 3435 de
986 3391 1082 3434 victima
1101 3393 1231 3450 legitimum
1250 3401 1296 3438 est.
1315 3415 1351 3428 -

223 3459 357 3516 perculsae
372 3458 469 3514 reliqui.
515 3453 574 3501 368.
595 3459 672 3501 simut
689 3456 754 3501 tenc
773 3460 833 3503 Cdd.
853 3460 909 3517 aliq.
927 3461 1024 3505 Bachm.
1041 3461 1070 3503 ad
1090 3462 1146 3505 Tib.
1164 3477 1187 3516 p.
1209 3461 1349 3522 61111115.

224 3529 274 3574 Pro
293 3525 426 3590 inadep‘ient
445 3528 505 3570 Cdd.
523 3528 609 3584 pleriq.
629 3527 781 3572 madescent.
801 3553 834 3562 -
852 3530 984 3574 mitescent
1003 3544 1057 3573 curn
1075 3531 1129 3574 11111
1144 3530 1243 3576 Lachm.
1258 3537 1283 3576 ut
1301 3533 1348 3578 sit:

225 3599 380 3652 „Polyxenae
401 3596 519 3640 sacrificio
539 3597 638 3640 Achillis
651 3598 735 3642 umbra
748 3599 875 3653 mitescet,
897 3600 1055 3654 placabitur.’'
1092 3597 1153 3646 311.
1173 3602 1268 3645 animis
1278 3601 1349 3656 Lips.

225 3670 287 3712 Ven.
302 3667 375 3712 Web.
395 3667 511 3722 probante
527 3665 634 3710 Censore
655 3667 706 3710 len.
723 3669 906 3721 arridendum,
928 3684 956 3714 ne
972 3669 1066 3722 animi,
1087 3673 1148 3726 quod
1165 3677 1267 3720 recenti.
1285 3671 1349 3716 Edd.

226 3742 340 3792 occupat,
373 3750 402 3781 en
430 3735 611 3803 interpolatione
638 3736 736 3809 Avan'cit
764 3737 810 3792 sit;
840 3737 872 3780 ita
891 3739 953 3782 enim
972 3739 1013 3783 ilie
1032 3740 1055 3782 iu
1073 3739 1227 3786 Emendatt..·
1248 3741 1348 3799 „Legem

225 3820 302 3866 quare
321 3807 390 3866 agite
408 3810 520 3862 optatos,
541 3805 636 3858 animi,
657 3819 712 3848 cusu
732 3803 841 3863 quinto.''
858 3827 893 3840 -
910 3807 995 3852 Animi
1012 3821 1112 3853 canores
1131 3815 1210 3854 autern
1229 3812 1351 3865 explican-

226 3877 296 3928 dum,
323 3881 348 3919 ut
366 3889 437 3929 saepe
457 3879 494 3918 111
512 3876 571 3928 apud
591 3876 719 3919 Salustium
737 3877 761 3919 in
785 3876 883 3931 primis,
908 3878 989 3921 enimi
1005 3878 1095 3934 cupido
1115 3877 1184 3923 Orat.
1202 3881 1307 3935 Philippi
1325 3878 1350 3925 7.

226 3945 301 3988 timor
315 3945 395 3988 animi
408 3945 462 3988 Cat.
473 3942 513 3992 58.
529 3945 580 4002 lug.
590 3941 632 3989 20.
671 3943 730 3990 3811.
747 3942 896 4003 praesentes
914 3949 967 3994 scii.
986 3949 1084 4002 nuptiis.
1099 3949 1150 3992 Cic.
1166 3950 1193 3993 de
1203 3951 1258 3994 Dir.
1271 3951 1292 4003 1,
1306 3947 1349 3996 15.

225 4014 336 4057 nsaiores
356 4015 438 4058 nostri
456 4014 570 4058 omnibus
589 4014 664 4059 rebus
683 4015 806 4076 agendis,
826 4015 890 4075 qnod
905 4017 1010 4070 bonnm,
1025 4013 1160 4075 faustum,
1173 4014 1247 4076 felix
1258 4016 1346 4077 sortes-

224 4088 357 4141 nctumque
370 4084 404 4127 sit
411 4115 418 4136 ‚
435 4081 630 4142 praescirentur.
649 4109 680 4120 -
697 4082 832 4142 profantes
846 4087 944 4130 Mitsch.
956 4088 1030 4130 Doer.
1042 4086 1114 4146 Ging.
1126 4086 1179 4130 Ast.
1195 4089 1245 4132 sine
1260 4103 1344 4133 ueces-

225 4153 311 4208 sitate;
339 4153 413 4209 „quin
440 4157 464 4197 et
487 4155 564 4207 prime
583 4154 606 4197 in
623 4151 725 4214 profari
744 4157 804 4210 apud
824 4157 906 4210 polites
926 4170 1020 4211 semper
1039 4156 1207 4212 cor·r·ipitur:’'
1225 4157 1368 4202 Huschsk.·

224 4221 271 4278 Ep.
283 4222 338 4266 crit.
350 4235 374 4277 p.
388 4219 446 4266 itii.
486 4219 544 4268 385.
561 4229 663 4280 pectore
681 4224 756 4268 codd.
774 4226 892 4282 plerique.
905 4227 951 4273 Ed.
968 4240 1005 4280 pr.
1023 4241 1099 4284 neque
1115 4232 1169 4272 erat
1185 4227 1293 4282 proiecto
1306 4241 1350 4270 cur

225 4292 297 4336 lectio
316 4292 379 4337 Scal.
397 4291 496 4346 omine,
516 4295 578 4349 quod
591 4294 655 4338 inest
671 4290 827 4353 infelicibus
844 4295 1015 4352 carminibus,
1028 4309 1042 4340 a
1057 4301 1160 4343 recenti.
1175 4297 1349 4353 praeferretur.
