2952 4826
117 377 300 456 Interdum,
322 371 425 438 nihilo
448 381 622 460 quaesunt
644 372 807 435 metuenda
830 368 947 455 magis,
970 389 1065 455 quam

117 481 209 561 Quae
231 475 345 561 puerei
367 476 400 540 iu
421 474 563 540 tenebris
583 471 728 557 pavitant
748 473 936 559 linguntque
956 471 1078 536 futura.

116 585 216 646 Hunc
236 580 339 665 igitur
360 589 519 643 terrorem
542 575 638 642 animi
660 578 871 661 tenebrasque
893 584 1069 650 necessest,
1122 598 1125 606 ·

118 687 197 748 Non
214 681 316 746 radici
338 679 417 746 solis
437 701 498 743 uec
515 677 621 744 lucida
640 679 704 743 tela
727 676 790 742 diei

122 784 324 862 Discutiunt,
347 786 402 848 sed
423 792 554 847 naturae
574 781 697 865 species
718 781 886 867 ratioques

122 888 198 969 Quo
221 885 321 970 magis
341 885 504 968 inceptum
524 906 656 970 pergam
681 895 851 967 pertexere
871 883 977 948 dictis.

184 991 228 1054 Et
250 986 402 1075 quoniam
425 986 539 1063 docui,
563 985 670 1050 mundi
689 985 837 1052 mortalia
856 985 975 1071 templa

119 1094 202 1157 Esse
224 1101 257 1156 et
277 1089 388 1154 nativo
411 1087 587 1154 consistere
608 1110 753 1173 corpore
776 1089 918 1165 caelum3

51 1239 56 1243 -
118 1197 182 1271 Et,
206 1213 451 1280 quaequomque
472 1191 506 1255 in
527 1211 567 1255 eo
585 1192 665 1255 fiunt
683 1190 818 1277 fierique
836 1203 1013 1269 necessest,

104 1297 283 1382 'Pleraque
300 1293 455 1370 dissolvi3
478 1315 559 1380 quae
581 1302 719 1371 restant,
742 1293 873 1377 percipe
890 1315 1017 1377 porro:

119 1396 388 1482 Quandoquidem
409 1396 506 1461 semel
528 1395 685 1480 insignem
705 1399 921 1460 conscendere
940 1417 1070 1460 currum

119 1508 138 1544 θ
160 1502 343 1564 Ventorum
366 1508 513 1563 exertant
535 1498 662 1580 placent
680 1508 714 1560 ut
735 1496 842 1562 omnia
860 1520 988 1564 rursum

119 1609 138 1645 Φ
161 1604 253 1684 Quae
269 1601 404 1677 suerint,
428 1600 490 1664 sint
509 1600 637 1683 placato
659 1621 822 1665 convorsa
839 1601 969 1666 favore.

184 1703 320 1780 Cetera,
343 1725 424 1789 quae
443 1702 518 1767 fieri
535 1702 568 1766 in
586 1702 683 1766 terris
706 1703 860 1788 caeloque
882 1713 1011 1768 tuentur

121 1805 305 1882 Mortales,
327 1804 454 1888 pavidis
472 1827 571 1891 quom
593 1808 732 1888 pendent
753 1804 903 1869 mentibu’
928 1825 1041 1890 saepe,

120 1908 274 1974 Efficiunt
296 1906 419 1972 animos
439 1905 587 1971 bumileis
607 1905 781 1976 formidine
802 1906 911 1972 divdm

120 2011 366 2096 Depressosque
389 2021 538 2093 premunt
560 2012 601 2073 ad
618 2020 754 2087 terram3
777 2020 953 2095 propterea
974 2014 1064 2097 quod

121 2111 312 2197 ignorantia
332 2133 513 2177 caussarum
536 2112 688 2178 conferre
706 2115 840 2178 deorum

120 2213 225 2298 Cogit
245 2217 286 2277 ad
300 2213 469 2299 imperium
486 2236 539 2279 res
556 2226 588 2279 et
606 2217 785 2280 concedere
806 2236 962 2300 regnum:

120 2318 269 2399 Quorum
292 2337 427 2399 operum
449 2337 575 2380 caussas
593 2317 679 2381 nulla
701 2316 828 2382 ratione
847 2315 956 2382 videre

120 2421 264 2485 Possunt
281 2440 319 2482 ac
340 2418 413 2482 fieri
431 2417 542 2484 divino
562 2418 688 2484 numine
709 2430 833 2484 rentur.

121 2524 205 2587 Nam
224 2525 306 2586 bene
325 2520 400 2606 quei
425 2520 567 2585 didicere
588 2524 667 2586 deos
689 2543 835 2586 securum
858 2543 956 2606 agere
975 2543 1106 2599 aevom,

120 2622 157 2686 Si
175 2635 281 2687 tamen
298 2623 420 2688 interea
439 2623 613 2701 mirantur,
637 2645 700 2710 qua
722 2623 847 2688 ratione

112 2765 215 2829 suerit,
235 2773 261 2813 ut
276 2769 349 2813 ctiam
367 2767 397 2814 C.
416 2769 447 2814 Ε.
467 2793 500 2803 -
520 2767 615 2833 flueret
631 2769 746 2814 naturali
762 2768 1019 2829 eiroetqusceniret
1041 2771 1087 2816 Ar.
1106 2769 1137 2816 Ρ.
1156 2771 1186 2820 Δ.
1209 2791 1239 2805 -

114 2837 212 2903 flueret
228 2843 336 2883 naturae
354 2838 380 2882 ui
395 2839 513 2897 carieque
531 2841 625 2883 coleret
643 2839 728 2884 Lamb.
748 2863 781 2873 -
794 2837 890 2902 flueret
905 2836 1031 2884 Fortunai'
1043 2839 1159 2901 carieque
1174 2841 1240 2886 ocle-

119 2914 160 2953 ret
176 2908 290 2967 Preiger.
318 2912 446 2963 praeeunte
471 2909 569 2954 vossio.
596 2908 656 2953 llas.
685 2928 720 2942 -·
743 2907 838 2972 flueret
863 2909 978 2953 naturali
1004 2910 1118 2966 ratione,
1146 2911 1242 2956 coloret

49 3014 53 3018 .
120 2979 200 3023 Beutl.
238 2973 280 3022 3³.
299 2975 332 3022 Aa
343 2977 403 3022 llas.
415 2977 481 3025 coni.
501 2977 562 3022 Nam
575 2979 630 3023 talia
641 2977 752 3023 audebat.
792 2975 833 3024 45.
854 2978 1239 3026 ltaCodd.Edd.vett.Av.P.A.

119 3048 206 3092 bamb.
218 3045 295 3092 test.
303 3046 352 3093 Gis.
361 3047 410 3094 Alt.
422 3044 550 3110 fientque,
562 3060 665 3092 neeesse
675 3045 740 3092 Esse
751 3060 780 3090 ea
790 3045 895 3092 dissolri
907 3047 992 3093 Lamb.
1006 3047 1031 3093 2.
1044 3050 1074 3094 Η.
1113 3047 1155 3095 48.
1176 3050 1207 3095 Η.
1222 3051 1239 3097 Ι.

120 3118 203 3162 omnia
221 3121 269 3160 tam
283 3117 372 3162 misere
383 3117 471 3176 ¹luxeta
488 3121 557 3171 suot,
578 3121 604 3160 ut
621 3119 695 3160 satius
711 3117 819 3161 duxerim
838 3130 922 3162 versus
941 3118 992 3162 sinc
1011 3119 1153 3163 melioribus
1171 3119 1240 3163 libris
1311 3162 1317 3178 ¹

119 3199 241 3244 nunquam
254 3187 372 3229 sanandos
385 3186 499 3231 exhibere
513 3191 583 3242 prout
595 3188 706 3244 leguntur
716 3185 740 3230 in
751 3185 795 3234 Cd.
804 3185 833 3230 C.·
842 3185 872 3230 Ε.
892 3210 925 3220 -
938 3188 1010 3231 Vind.
1029 3188 1157 3233 exircuut.
1178 3190 1238 3234 Ver.

119 3258 183 3303 Vsu.
205 3259 326 3299 exsecant.
356 3278 389 3288 —
422 3254 556 3300 Ventorum
573 3253 741 3299 exhortentur
759 3268 818 3313 apes
836 3260 909 3315 atque
932 3255 1003 3302 obsta
1020 3270 1124 3301 rursum
1142 3257 1188 3302 Aa.
1207 3257 1239 3303 P.

120 3325 171 3371 eit.
202 3325 237 3369 lta
252 3329 276 3369 et
293 3324 376 3378 lunta,
396 3327 439 3369 sed
454 3331 563 3369 uotorum
577 3324 698 3369 substituit
712 3325 766 3369 loco
783 3331 921 3370 centorum.
942 3323 1242 3371 Vincendiexbortctc’at

119 3406 196 3452 epea,
223 3398 297 3453 atque
314 3392 386 3438 obuia
402 3407 506 3438 rursum
524 3394 609 3442 Lamb.
635 3391 711 3440 15⁶4.
741 3395 767 3438 ln
785 3395 831 3440 Ed.
852 3399 930 3439 autem
951 3389 1087 3450 posteriore
1108 3399 1137 3440 de
1155 3396 1241 3440 Aurati

118 3463 203 3512 coni:
223 3483 257 3497 -
274 3467 347 3521 utque
364 3463 436 3508 obuia
454 3477 541 3508 curan.
561 3483 595 3496 -
612 3461 734 3508 Vincendi
751 3477 811 3522 apes
827 3461 931 3508 hortata
943 3469 982 3507 est
993 3468 1066 3522 utque
1078 3463 1150 3509 chuia
1162 3476 1241 3508 curere

119 3534 194 3587 ilar„
214 3533 237 3576 in
252 3531 404 3588 quibusdam
422 3547 466 3578 nec
483 3535 563 3578 velam
581 3547 624 3578 nec
642 3534 769 3593 vestigium
788 3533 865 3578 Codd.
885 3545 1012 3586 superesse
1025 3534 1101 3576 vides.
1122 3555 1154 3566 -
1175 3531 1239 3577 Ven-

118 3608 203 3648 torum
219 3599 340 3646 exltortat
352 3602 466 3659 pellacia
483 3608 508 3646 et
524 3601 609 3646 cenula
628 3615 731 3647 rursum
749 3603 823 3648 Voss.
849 3625 883 3638 -··
910 3599 1046 3646 Ventorum
1063 3601 1179 3646 excierat
1194 3615 1240 3658 pe·

119 3677 193 3717 ector
211 3671 243 3727 (i.
259 3684 281 3719 e.
296 3673 317 3716 si
329 3671 382 3714 Diis
395 3673 486 3726 placet,
500 3671 618 3728 Epicurus
628 3671 647 3728 :)
665 3677 690 3716 et
706 3673 792 3716 omnic
810 3685 922 3716 rursiam.
943 3667 1016 3715 Wak.
1032 3670 1148 3725 (Eicbst.)
1159 3671 1239 3716 conie-

120 3747 188 3786 ctura
206 3753 308 3796 prorsus
326 3740 490 3796 improbabili.
546 3739 588 3787 49.
600 3738 704 3800 suerint
722 3741 798 3786 Codd.
817 3742 926 3799 plerique
945 3740 985 3796 (C.
999 3740 1041 3794 Ι..)
1053 3739 1115 3784 Edd.
1129 3744 1187 3787 vett.
1207 3764 1240 3774 -

112 3807 224 3871 suerunt
241 3810 314 3854 vind.
334 3813 363 3855 A.
382 3809 412 3854 Ι..
435 3811 464 3854 Η.
485 3834 519 3844 ·-
534 3807 651 3869 fluerent
668 3813 711 3856 W.
725 3811 789 3854 coni.
803 3810 897 3854 Eicbst.
952 3809 989 3855 lb.
1009 3810 1061 3854 rint
1078 3808 1155 3854 Codd.
1175 3809 1238 3855 Edd.

119 3885 178 3925 vett.
192 3879 224 3924 A.
237 3879 331 3924 Eicbst.
350 3899 384 3910 -·
404 3884 464 3924 eunt
475 3878 505 3924 Ι.
515 3880 546 3926 Η.
560 3880 602 3924 W.
639 3881 676 3925 lb.
689 3877 782 3938 serore
795 3879 871 3924 Codd.
883 3878 945 3923 Edd.
956 3883 1013 3923 vett.
1026 3878 1055 3922 A.
1066 3878 1151 3924 Lamb.
1163 3877 1239 3925 1.w.

120 3945 260 4008 -surore
278 3947 383 3993 Auratus
403 3950 467 3993 coni.
486 3949 516 3994 I..
536 3947 561 3993 2.
581 3949 612 3994 Η.
631 3950 725 3994 Eicbst.
750 3947 851 4006 Forbig.
871 3949 899 3992 de
918 3961 961 3991 sus
980 3947 1043 3992 coni.
1064 3947 1096 3991 ite
1118 3950 1242 3994 constituit

120 4019 215 4064 locum:
249 4015 377 4061 Vectorem
396 4015 532 4062 exhortent
545 4017 704 4074 plaudendo,
734 4023 761 4062 ut
776 4016 848 4061 obvia
866 4030 944 4061 curan
962 4015 1031 4078 Quae
1041 4011 1158 4074 suerint,
1188 4020 1241 4064 sint

115 4088 220 4146 placeto
238 4099 360 4130 convorsa
370 4082 475 4146 surore.
512 4084 554 4133 52.
574 4085 695 4150 Efficiamt
711 4087 750 4132 Pii
769 4087 845 4131 Codd.
859 4086 890 4132 A.
902 4086 930 4131 Ι..
944 4086 1077 4132 H.Eirbst.
1098 4111 1131 4122 -
1148 4085 1182 4132 Et
1192 4085 1239 4146 su-

118 4158 191 4202 riunt
208 4157 285 4201 Codd.
302 4155 363 4201 Edd.
380 4162 438 4204 vett.
457 4158 500 4202 W.
532 4157 558 4201 ln
574 4157 618 4202 bac
636 4157 692 4202 lect.
713 4157 861 4212 respondent
883 4156 929 4200 sibi
948 4153 982 4200 Et
999 4181 1009 4193 ·
1028 4181 1038 4192 ·
1057 4170 1120 4216 que;
1144 4157 1237 4200 ratione

119 4232 198 4273 tamen
218 4226 281 4269 baud
299 4226 370 4270 niunis
388 4231 453 4282 epta.
503 4222 545 4272 55.
565 4239 688 4287 regnum,
708 4232 732 4270 et
748 4226 777 4271 Ι..
792 4226 822 4272 Η.
870 4223 901 4272 56
915 4230 939 4272 et
952 4223 994 4274 57.
1014 4225 1114 4286 „Apage
1130 4235 1238 4276 ταυτο-

118 4293 233 4362 λογίαν.
252 4295 334 4352 inepte
349 4297 395 4342 buc
414 4296 498 4341 inserti
514 4301 568 4341 sunt
585 4308 614 4341 ex
629 4309 653 4341 v.
668 4293 728 4342 89.”
745 4297 823 4342 Bentl.
838 4291 875 4356 (i)
