2948 4820
306 792 574 914 rsuram
611 839 867 914 ensesue
904 839 1058 913 nunu

650 1029 702 1074 Ao

161 1177 356 1241 uoooun
379 1175 559 1242 ouorlo
580 1176 628 1240 m
650 1176 874 1240 surmont
895 1173 1195 1269 couvnpsnn.

518 1343 527 1352 ἱ
584 1343 785 1358 ψ

480 1491 691 1554 1.

118 1629 259 1706 Audite,
284 1629 392 1692 invicti
414 1631 539 1712 quamdo
563 1651 662 1712 genus
685 1629 833 1692 Herculis
856 1628 949 1693 estis:

182 1733 319 1813 Obstipo
342 1735 479 1794 noudum
502 1733 649 1816 Iuppiter
671 1743 720 1794 est
741 1731 855 1813 eapite.
945 1807 946 1812 η

116 1835 169 1897 Ne
183 1844 325 1896 'stantum
349 1847 460 1897 contra
484 1855 646 1896 numerum
669 1834 825 1916 trepidate
849 1824 1027 1908 virorum(

181 1936 244 1998 Sed
267 1957 408 2016 parmam
431 1935 541 2014 primis
565 1923 701 1998 obiicite'
715 1935 903 2019 agminibus.

117 2037 274 2102 Proiicitc
300 2059 339 2098 ex
363 2037 467 2100 animo
491 2039 572 2098 hane
595 2037 746 2126 animam,
770 2057 828 2100 nec
849 2036 964 2099 lumina
988 2035 1073 2100 Solis

61 2135 65 2142 ’
183 2138 432 2221 Quraeriteprae
455 2139 576 2202 Mortis
600 2151 693 2202 nocte
715 2139 916 2220 soporifera:

117 2241 212 2304 Scitis
235 2240 334 2316 enim,
358 2239 443 2304 saevi
467 2262 560 2324 quam
582 2241 670 2304 saeta
689 2240 820 2304 illustria
845 2241 980 2318 Martis,

183 2343 285 2422 Quam
309 2342 350 2406 sit
372 2343 527 2406 bellorum
550 2343 666 2406 nobilis
688 2343 742 2406 ille
765 2343 877 2418 furor,

116 2436 220 2527 Saepe
242 2445 351 2529 sugam
376 2445 518 2527 experti,
542 2444 702 2528 fugientes
725 2467 819 2527 saepe
842 2443 960 2508 secuti:

180 2549 210 2612 0
234 2548 382 2624 iuvenes,
406 2568 477 2609 sors
502 2569 560 2610 vos
584 2547 662 2622 ista,
687 2569 745 2610 nec
766 2547 823 2608 ista
847 2548 936 2609 latet.
1041 2569 1045 2590 1

115 2651 199 2714 Nam
223 2649 278 2733 qui
300 2649 455 2713 consertis
479 2649 654 2731 clipeorum
679 2649 868 2712 umbonibus
892 2651 1008 2712 audent

181 2750 335 2816 Cominus
358 2750 387 2812 in
410 2750 532 2831 primos
554 2753 687 2814 volnera
709 2752 795 2814 serre
820 2750 924 2830 viros,

115 2853 220 2934 Saepe
244 2852 343 2914 minus
366 2864 501 2932 pereunt
524 2864 554 2915 et
576 2865 705 2916 servant
727 2874 812 2934 pone
835 2863 1028 2934 sequentes:

130 2955 225 3016 ·At
248 2953 363 3016 timidis
387 2954 488 3016 virtus
511 2954 648 3036 undique
670 2954 826 3035 disperiit.
902 3007 904 3011 ,
1034 3025 1036 3030 ,

115 3057 186 3118 Nec
209 3056 372 3140 qnisquam
396 3056 491 3119 lando
515 3057 619 3118 valeat
642 3077 843 3129 memorare,
868 3055 1022 3119 malorum

179 3158 368 3240 Degeneres
390 3156 511 3219 animos
534 3156 616 3219 milia
640 3169 755 3242 quanta
779 3168 939 3240 premunt.

114 3260 227 3339 Turpe
249 3257 363 3320 etenim
386 3259 513 3341 trepido
535 3259 711 3342 fugientem
732 3258 855 3342 proelia
877 3279 973 3321 eursu

177 3359 305 3424 imbelli
329 3362 427 3424 dorso
451 3364 584 3424 volnera
607 3361 789 3442 suscipere:

114 3463 226 3543 Turpe
249 3471 282 3524 et
304 3463 456 3543 pulverea
481 3474 614 3526 stratum
638 3465 751 3527 tellure
774 3465 928 3538 cadaver,

178 3563 278 3628 Citius
301 3565 341 3626 ab
363 3565 472 3626 hostili
495 3565 626 3647 cuspide
648 3577 739 3648 terga
761 3567 890 3628 rubent.

113 3666 178 3728 Sed
200 3668 282 3729 bene
303 3688 499 3750 progressus
521 3668 609 3730 miles
632 3671 711 3749 pede
733 3668 834 3730 calcet
856 3679 996 3752 utroque

177 3767 340 3831 Tellurem
364 3781 395 3832 et
417 3771 539 3831 labrum
563 3773 656 3832 dente
678 3782 802 3851 premat
825 3769 944 3834 tacito:

113 3867 198 3933 Ceus
221 3870 366 3954 latosque
388 3873 538 3934 humeros
562 3881 594 3933 et
614 3882 727 3954 pectus
749 3873 833 3936 sorte
855 3872 1022 3955 femurque

176 3973 344 4034 Ventroso
367 3971 489 4052 clipeus
512 3973 638 4036 ferreus
661 3977 743 4036 orbe
767 3984 874 4056 tegat;

112 4070 255 4135 Dextera
280 4075 333 4134 sed
358 4073 492 4135 validam
516 4095 636 4142 summa
659 4075 690 4138 vi
712 4086 862 4157 torqueat
886 4076 1024 4150 hastam,

175 4173 315 4236 Pennata
342 4185 371 4236 et
395 4177 516 4259 galeam
541 4177 636 4240 erista
660 4177 883 4266 supervolitet.

112 4274 235 4339 Discite
260 4275 447 4359 belligeram
469 4277 618 4344 iaciendo
641 4279 770 4344 fortiter
793 4289 909 4354 artem,

159 4378 248 4431 Eulogo
264 4377 320 4418 tou.
335 4377 378 4418 Lu.
690 4437 698 4445 ι
962 4379 1002 4442 22
