2964 4814
144 372 177 432 E
200 392 333 454 quaem
356 389 489 434 nrrmeeo
511 392 560 434 me
583 371 718 456 contigit
740 391 799 434 une
822 374 973 435 desuem:

208 473 254 536 Ut
276 491 351 536 reor
374 493 390 533 a
412 470 512 547 fecie,
538 470 705 554 Calliopes
726 472 798 536 tuit.

143 570 350 644 „Contentus
375 570 476 634 niveis
498 594 624 654 semper
646 573 816 636 vectabere
839 574 967 652 cycnis,

211 675 281 735 Nec
302 684 333 734 te
353 673 449 742 fortis
471 675 544 755 equi
565 676 658 738 ducet
680 676 720 736 ed
741 694 961 755 erma-sonus.

146 773 205 835 Nil
226 773 284 836 tibi
305 771 346 835 sit
366 794 465 836 rauco
488 773 660 854 praeconia
683 775 813 837 classica
836 797 938 838 cornu

210 875 306 936 Flere
329 894 387 936 uec
408 873 548 937 Aonium
571 873 701 957 cingere
724 876 836 938 Marte
858 896 986 940 nemus:

147 975 216 1037 Aut
235 974 351 1058 quihus
372 974 405 1036 in
427 969 545 1054 eampis
568 974 719 1038 Mariano
741 975 865 1055 proclia
887 976 980 1059 signo

212 1077 302 1138 Stert
324 1087 355 1137 ct
379 1075 572 1139 Teutonicas
594 1076 698 1138 Rome
721 1076 880 1159 refringat
902 1097 1001 1158 opes,

146 1178 311 1238 Barbarus
333 1187 387 1238 eret
409 1177 517 1239 Suevo
540 1175 688 1256 perfusus
711 1176 863 1260 sanguine
886 1177 1018 1240 Rhenus
1154 1163 1157 1170 ¹
1227 1179 1270 1240 115

212 1277 329 1340 Saucia
353 1277 504 1340 maerenti
525 1297 666 1357 corpora
689 1289 795 1340 vectet
817 1297 912 1359 equa.

89 1361 93 1370 ’
146 1378 278 1459 Quippe
300 1389 473 1441 coronatos
494 1379 628 1440 alienum
651 1380 692 1440 ed
711 1377 805 1440 limen
828 1387 967 1440 amantes
1058 1447 1066 1454 ,

212 1481 459 1560 Nocturneequc
482 1499 574 1541 canes
597 1476 684 1540 ebria
706 1478 797 1561 sigua
817 1476 935 1560 fugae,
973 1549 980 1560 ¹

146 1580 193 1643 Ut
214 1590 326 1661 perte
348 1581 469 1642 clauses
491 1577 572 1642 sciet
594 1590 763 1642 excantare
785 1578 932 1659 puellas,
1016 1649 1020 1654 .

212 1679 277 1759 Qui
298 1681 385 1742 volet
408 1692 553 1743 austeros
576 1691 645 1742 arte
666 1678 765 1742 ferire
788 1679 913 1743 viros.’'

147 1780 241 1843 'felia
264 1778 434 1862 Calliope,
458 1779 657 1864 lymphisque
680 1780 807 1843 alonte
829 1779 954 1860 petitis,

139 1885 143 1892 “
212 1881 280 1943 Ora
301 1879 597 1945 Philetaca'uostre
619 1880 738 1964 rigavit
760 1901 854 1962 aque.
930 1957 932 1963 Ι

402 2067 481 2128 Lm.
503 2065 571 2129 111.
593 2065 689 2146 (ιν.)
732 2053 911 2128 enuere
932 2065 997 2128 111.

146 2188 247 2250 Arma
269 2187 346 2248 deus
369 2183 490 2248 Caesar
513 2183 593 2246 dites
616 2183 784 2246 meditatur
807 2184 846 2244 ed
867 2183 967 2245 ludos

149 2305 155 2324 ¹
210 2289 256 2350 Et
276 2287 358 2350 freta
381 2283 561 2369 gemmiferi
581 2285 702 2346 findere
725 2285 825 2346 classe
849 2283 957 2346 meris.
991 2350 996 2358 ,

148 2389 296 2470 Magne,
321 2385 398 2462 viri,
423 2406 559 2448 merces:
584 2397 675 2467 paret
696 2385 805 2446 ultima
826 2394 913 2446 terra
934 2383 1136 2465 triumphos;

211 2486 323 2571 Tigris
345 2497 376 2548 et
398 2488 581 2568 Euphrates
603 2488 662 2550 snb
685 2497 738 2547 tue
758 2485 827 2548 iure
849 2486 960 2550 fluent.

145 2591 247 2666 Sere,
271 2591 326 2651 sed
350 2587 505 2651 Ausoniis
528 2585 634 2649 veniet
654 2585 823 2669 provincia
845 2585 966 2669 virgine

210 2692 407 2753 Assuescent
428 2687 525 2751 Latio
549 2688 670 2750 Partha
691 2697 826 2766 tropaea
847 2686 934 2749 Iovi.
1029 2697 1034 2706 ·

147 2791 216 2866 Ite,
241 2789 345 2873 agite,
370 2799 520 2870 expertae
541 2787 627 2850 bello
651 2789 723 2848 date
744 2787 840 2856 lintea
861 2807 1007 2868 prorae,

147 3007 232 3052 uu.
288 3003 331 3051 3⁶.
355 3012 378 3050 et
404 2995 452 3050 L2.
473 3027 503 3040 -
523 3009 550 3048 ut
567 3005 616 3054 lec.
673 3003 715 3050 37.
735 3004 846 3050 dearum
870 3006 947 3050 Codri.
969 3017 1052 3049 ornnes
1073 3010 1171 3060 prester
1192 3006 1265 3051 llein.

147 3077 257 3122 sienem:
290 3088 319 3120 ex
337 3089 384 3131 quo
405 3074 512 3122 Brculrh.
537 3074 621 3118 Burin.
643 3087 768 3121 sororum.
814 3074 984 3128 interpolatori
1000 3073 1173 3120 obversabatur
1193 3075 1262 3133 Virg.

146 3144 205 3192 Eel.v
223 3140 252 3202 ⁶,
272 3141 313 3191 65.
348 3141 434 3188 Aones
461 3143 489 3186 in
514 3151 611 3186 rnontee
641 3149 667 3187 ut
687 3141 792 3188 duxerit
822 3156 872 3186 una
895 3155 1021 3186 sororum.
1059 3141 1262 3196 0vit.1t1et.5‚
1326 3176 1328 3180 -

146 3209 209 3256 2⁶8.
229 3212 286 3256 Tib.
301 3209 333 3266 3,
346 3209 376 3266 lt,
392 3208 434 3259 45.
453 3209 588 3268 doctaeque
599 3207 711 3265 horores,
726 3210 765 3254 nbi
781 3225 804 3256 v.
824 3211 930 3254 Huschh.
969 3207 1010 3254 ll.
1030 3209 1082 3256 Ner
1095 3211 1140 3254 tibi
1151 3210 1263 3257 eitl'rut.

145 3281 259 3326 Gronov.
276 3303 309 3334 .···
327 3277 365 3324 Ne
382 3283 419 3325 vel
435 3281 465 3326 rei
482 3285 501 3323 t.
521 3293 544 3323 e.
563 3279 688 3325 Perierat.
708 3280 813 3324 Huschk.
833 3279 1013 3336 -praetoria
1030 3278 1144 3323 Beroald.
1165 3291 1194 3334 er
1210 3281 1263 3322 cod.

147 3352 231 3394 Burm.
251 3350 283 3395 el.
303 3349 396 3406 Reliqui
423 3361 506 3392 omnes
528 3349 679 3404 praeconia.
698 3348 791 3403 „Recte
812 3349 845 3391 ite
867 3349 1023 3392 vietorterum
1047 3348 1166 3392 hevellum
1183 3348 1265 3390 leudes

145 3419 195 3464 diei
214 3422 327 3472 possunt,
348 3423 374 3460 ut
392 3417 504 3462 classica
523 3415 588 3460 bellu
607 3415 638 3470 2,
658 3415 687 3470 1,
708 3415 767 3460 28.”
801 3415 900 3459 Lerhm.
920 3415 979 3468 Apte
992 3418 1143 3468 opponuntur
1158 3415 1182 3457 in
1195 3426 1262 3468 seqq.

147 3487 387 3542 proelieterrestrie.
425 3483 467 3532 45.
487 3485 650 3529 eneechdd.
670 3485 787 3541 plerique,
806 3484 855 3527 lec.
893 3479 935 3526 lt.
955 3477 1265 3538 nocturnaequeufecea

145 3556 214 3600 ntur.
233 3555 332 3600 favente.
344 3555 428 3600 linem.
483 3551 526 3599 49.
547 3566 656 3599 exerere
674 3553 748 3597 Pure.
768 3551 849 3596 lecob.
870 3550 944 3594 verbo
964 3550 987 3593 b.
1003 3551 1024 3598 ,1.
1044 3549 1115 3594 nimis
1133 3549 1237 3606 vulgari.

501 3659 556 3703 Lu.
576 3657 620 3702 ru.
642 3654 709 3714 (iv.)
745 3647 842 3702 utto.
861 3655 907 3700 ru.

202 3755 227 3801 1.
247 3756 354 3813 Angusto
372 3755 462 3799 bellum
479 3756 593 3798 adversus
612 3755 699 3807 ludos,
719 3752 812 3796 Arabes
832 3757 855 3796 et
872 3751 976 3794 Parthos
995 3747 1052 3813 (eir.
1071 3748 1133 3792 Aen.
1149 3745 1173 3800 l,
1194 3743 1266 3804 605.)
1290 3765 1301 3777 κ

145 3825 240 3884 parenti
259 3839 282 3868 e.
303 3838 326 3868 ιι.
346 3839 370 3872 c.
390 3820 450 3868 730.
471 3823 532 3868 bene
550 3824 678 3866 ominetur.
734 3817 757 3864 3.
784 3820 833 3864 oiri
851 3819 928 3863 coer.
953 3829 1052 3870 omues,
1083 3817 1146 3872 quod
1167 3816 1259 3869 primus

145 3899 212 3940 reete
227 3893 336 3937 distinxit
352 3893 451 3938 Leehm.
471 3914 504 3926 -
523 3889 577 3934 eine
596 3891 679 3934 Heius.
693 3891 777 3933 Burm.
803 3889 849 3932 Sed
868 3888 909 3931 ille
928 3899 1021 3943 qnoque
1037 3886 1139 3929 lectione
1162 3889 1264 3940 retente,

146 3962 240 4008 servari
263 3966 342 4016 potest
358 3975 382 4006 v.
400 3958 445 4006 4.;
483 3958 529 4004 snb
550 3958 593 4003 tria
611 3959 685 4013 iure,
714 3958 754 4003 nbi
774 3957 870 4000 tertium
887 3956 959 4000 veluti
973 3967 1016 4009 per
1035 3951 1188 4007 parenthesin
1207 3955 1265 4000 elie.

145 4043 207 4088 res3
228 4030 264 4085 (ut
283 4026 314 4082 3,
335 4025 434 4084 11,·4,
456 4024 486 4072 10
498 4059 505 4081 ,
526 4024 567 4072 35.
588 4025 743 4084 εοᾳᾳ.),ιιαιιι
760 4023 806 4069 sub
825 4038 872 4069 suu
891 4025 950 4066 iura
967 4022 1074 4066 Broulrb.
1099 4022 1162 4066 coni.
1182 4022 1212 4065 L.
1233 4023 1263 4078 (i.

146 4115 170 4146 e.
200 4097 247 4144 snb
273 4097 382 4144 debitum
399 4094 527 4151 ditionem)
545 4096 682 4142 duriuscule
700 4097 788 4140 dietum
806 4094 906 4151 colliges
925 4104 954 4136 ex
973 4087 1005 4144 3,
1026 4087 1069 4134 11.
1089 4087 1131 4146 (l,
1154 4086 1209 4146 10.)
1229 4089 1262 4143 2,

98 4173 106 4188 ⁸
148 4167 190 4214 ³2.
211 4168 252 4212 rbi
269 4166 316 4212 sub
334 4180 382 4212 sun
399 4165 458 4209 iura
475 4169 501 4210 et
518 4165 545 4210 in
562 4178 612 4210 rue
630 4177 713 4223 regna
730 4165 760 4206 ed
777 4162 919 4212 coruinum,
949 4172 997 4202 non
1015 4171 1073 4203 vero
1094 4160 1124 4201 ed
1143 4158 1264 4201 subditum
1297 4187 1302 4195 .

145 4237 264 4284 refertur.
317 4235 344 4280 5.
372 4234 447 4280 Seres
476 4238 500 4280 et
527 4232 558 4280 A.
578 4233 676 4280 content
694 4231 852 4286 Gulielmius,
872 4228 956 4274 Heius.
981 4227 1137 4284 coui.vulgc
1155 4230 1262 4280 recepte.
