2946 4816
223 223 287 287 990

285 377 339 442 Ad
361 375 457 440 vitam
481 375 639 461 antiquam
662 373 722 438 iarn
744 391 945 456 revocataque
967 373 1082 446 decus,

223 478 361 543 Movisti
386 481 536 558 srtpcrdm
559 477 726 551 invidiam,
749 473 972 558 indignamque
995 475 1093 537 Mors
1116 483 1184 550 cet,

292 582 342 644 'l'e
365 583 480 642 dudum
504 577 666 642 exstinctis
688 579 822 640 reddere
844 597 940 656 posse
963 575 1095 638 animam
1308 576 1348 634 10

221 683 282 757 Et,
305 684 393 764 quod
413 681 512 764 longa
536 677 602 742 dies
631 678 793 761 paullatim
818 678 1023 753 aboleverat,
1051 679 1111 740 hoc
1135 687 1165 738 te

284 781 421 848 Murtali
443 793 550 863 spreta
574 782 647 864 lege
668 799 783 860 parare
807 777 937 840 iterum.

221 885 275 950 Sic
298 886 393 946 miser
415 885 477 945 heu
499 881 602 963 prima
624 881 710 944 cadis
732 878 909 960 intercepte
931 879 1077 955 iuventa,

283 983 406 1052 Deberi
429 994 463 1046 et
485 982 591 1047 Morti
612 993 785 1065 nostraque
809 1002 931 1064 nosque
954 1003 1076 1043 moues.

358 1142 487 1205 CXXI.
531 1137 658 1223 Angeli
680 1137 857 1202 Politiaui.
901 1141 942 1202 In
964 1138 1202 1202 Simonettam.

222 1270 307 1333 Dum
331 1269 463 1349 pulchra
486 1267 619 1332 clicrtur
641 1264 739 1350 virgo
763 1267 939 1330 simonetta
961 1269 1135 1347 pheretro,

285 1371 426 1434 Blandus
449 1379 480 1432 et
502 1369 636 1432 exanimi
658 1368 758 1451 spirat
780 1368 810 1430 in
835 1390 892 1430 ore
915 1369 1026 1450 lepos,

219 1475 344 1534 Nactus
368 1474 473 1535 Amor
495 1481 636 1552 lempna,
661 1491 727 1554 quo
750 1491 813 1532 non
837 1471 897 1533 eibi
920 1472 1014 1533 turba
1036 1481 1186 1546 caveret,

284 1571 365 1636 lecit
387 1574 428 1634 ab
451 1569 587 1634 occlusis
611 1571 696 1633 mille
720 1570 805 1634 iaces
830 1572 945 1635 oculis.

219 1673 314 1736 Mille
338 1673 459 1736 animos
482 1671 567 1754 cepit
589 1672 726 1735 viventis
750 1671 887 1756 imagine
910 1673 993 1742 risus

281 1776 332 1838 Ac
354 1774 461 1836 Morti
481 1773 653 1836 insultans:
677 1776 735 1837 Est
760 1795 850 1850 trica,
874 1773 976 1849 dixit,
1002 1777 1121 1836 adlutc:

218 1877 277 1938 Est
300 1897 390 1950 mea,
415 1875 512 1951 dixit,
538 1877 661 1950 adhue,
686 1878 824 1938 nondum
849 1887 946 1938 totam
971 1875 1066 1959 eripis
1089 1876 1196 1938 illam:

282 1977 341 2040 Illa
365 1978 417 2041 vel
440 1976 591 2040 exanimis
616 1977 727 2039 militat
751 1998 825 2039 ecce
849 1977 936 2040 mihi.

217 2077 310 2142 Dixit
332 2089 364 2141 et
385 2077 558 2164 ingemuit:
583 2079 789 2162 nequeenim
813 2078 888 2139 satis
911 2090 986 2159 apta
1009 2078 1175 2160 triumphis

281 2179 339 2242 llla
362 2199 442 2262 puer
465 2178 542 2243 vidit
563 2190 726 2263 tempora,
751 2181 806 2242 aed
829 2179 981 2244 lacrimis.
1300 2184 1338 2244 ld

356 2315 519 2401 curn(
537 2336 632 2400 ren-1·
653 2336 783 2400 nemu:
829 2336 969 2401 Titulus
991 2338 1188 2420 rapuerant.

217 2465 278 2527 Ille
300 2463 354 2526 hic
376 2475 424 2529 est
445 2465 615 2546 Rapha'e‘l,
640 2465 828 2548 timuitque
852 2466 973 2548 sospite
996 2466 1082 2528 vinei
1150 2467 1153 2477 '

277 2567 398 2629 Rerum
421 2587 535 2653 magna
558 2587 673 2649 parcns
696 2579 727 2630 et
751 2567 907 2631 moriente
931 2568 1025 2631 mori.

244 2723 407 2790 CXXIII.
444 2722 647 2808 Raymttndi
669 2723 824 2788 Cunielrii
846 2723 904 2787 Ad
924 2723 1143 2786 Berretlictttm
1165 2725 1301 2790 Staium

501 2825 620 2888 Bembi
641 2824 810 2889 distichon
832 2827 1044 2888 inundantem.

211 2935 350 3008 „Morte
373 2933 455 2996 mori
476 2932 580 2996 timuit
602 2934 736 3016 pictoris
759 2934 892 2998 maxima
906 2957 1022 2998 rerum

273 3035 333 3097 Illa
356 3035 520 3116 parens:”
543 3035 574 3097 id
596 3046 629 3099 tu
652 3037 813 3112 scribere,
839 3037 981 3110 nenne,
1005 3036 1123 3118 potes?
1213 3025 1219 3038 ,

210 3137 250 3200 Id
271 3136 423 3219 scriptum
447 3137 574 3199 laudare
596 3147 710 3218 poter,
733 3149 768 3201 tu
792 3137 923 3200 candide
946 3137 1035 3213 sui,

274 3239 371 3318 Qrtod
393 3236 576 3318 scripsisse,
600 3236 688 3314 scio,
714 3261 777 3302 non
800 3250 902 3302 temen
926 3238 994 3319 ipse
1017 3239 1123 3302 velis:

209 3338 312 3404 Cuius
334 3339 366 3401 in
389 3325 527 3404 aureolis
550 3338 676 3420 sapiens
699 3361 865 3422 veraxque
889 3340 1003 3403 libellis
1313 3345 1330 3406 5

270 3441 366 3504 Haud
389 3461 520 3522 usquam
543 3461 655 3503 verum
678 3442 776 3505 Musa
798 3441 1071 3526 supergreditur?
1238 3447 1242 3456 '

209 3539 271 3606 Cui
293 3541 369 3605 nihil
392 3540 415 3605 it
436 3541 515 3604 fines
538 3543 619 3604 ultra
642 3563 701 3604 nec
724 3541 879 3608 maximus
903 3543 993 3607 orbis

270 3644 399 3706 Iactura
421 3643 513 3707 unius
535 3642 659 3707 corruit
682 3642 713 3706 in
736 3643 873 3726 eapitis?

206 3801 357 3866 CXXIV
358 3842 369 3865 .
408 3799 589 3866 Eiusdem.
619 3799 762 3866 Mariae
784 3801 970 3868 Pizzelliae
991 3801 1136 3892 Mqffeii
1156 3807 1327 3889 Meropen

604 3901 698 3978 ¹miri
715 3925 766 3966 ece
787 3903 921 3986 agenti.
1007 3979 1009 3986 J

205 4010 303 4091 Quod
324 4021 420 4093 eaput
440 4031 509 4075 esee
533 4010 610 4076 artie
632 4013 757 4076 dicebat
779 4012 942 4091 Roscius,
966 4035 1063 4080 tinum

269 4112 366 4188 Quod
388 4133 452 4174 non
473 4134 570 4194 posse
592 4114 655 4180 nlla
677 4113 796 4177 tradier
819 4126 886 4178 arte
908 4127 1034 4194 tarueua

205 4213 243 4274 ld
265 4212 321 4295 pol
343 4232 407 4294 ego
430 4213 508 4293 quid
529 4214 568 4276 sit
591 4214 674 4293 vidi,
698 4216 874 4294 Pizzcllia,
901 4221 974 4282 dum
998 4231 1032 4282 tu
