2952 4826
233 203 271 261 71

230 359 312 420 Nam
335 353 397 419 ruit
420 353 453 418 in
475 351 583 437 pretio
607 350 709 436 nragis
732 371 803 427 aes,
827 370 1000 436 aurumque
1022 349 1147 416 iacebat

233 461 377 541 Propter
398 455 598 521 inutilitatem
619 453 726 518 hebeti
749 475 901 518 mucrone
925 464 1085 517 retusum:

230 562 324 624 Nunc
344 558 426 623 iacet
449 563 653 633 acs,‘aurnm
674 556 708 620 io
729 579 881 619 summum
904 555 1057 620 suecessit
1078 557 1249 622 honorem.
1330 595 1333 606 ι

229 663 283 725 Sic
308 661 467 726 volvunda
490 670 576 724 aetas
600 669 773 723 commutat
792 670 937 740 tempora
960 679 1087 723 rerum:
1265 661 1350 726 1275

232 766 329 844 Quod
350 762 412 825 luit
435 762 467 825 in
489 761 614 844 pretio,
636 763 673 825 lit
696 761 784 826 nullo
807 760 943 846 denique
965 763 1109 837 honore;

229 867 341 930 Porro
364 863 449 927 aliud
471 864 612 928 succedit
633 875 665 928 et
686 887 703 928 e
728 862 966 944 contemptibus
989 864 1055 926 exit

230 969 331 1052 Inque
356 966 423 1031 dies
446 965 548 1052 magis
570 965 732 1049 appetitur
753 965 914 1050 floretque
937 977 1099 1046 repertum

232 1068 393 1133 Laudibus
411 1080 442 1132 et
466 1068 547 1133 miro
568 1079 616 1132 est
634 1065 799 1158 mortalcis
818 1065 902 1130 iuter
923 1069 1062 1134 honore.

292 1175 386 1235 Nunc
407 1170 484 1247 tibi,
508 1192 574 1255 quo
593 1180 689 1252 pacto
708 1168 789 1233 ferri
808 1179 920 1233 natura
942 1183 1069 1252 reperta
1263 1180 1349 1241 1280

230 1274 295 1350 sir,
317 1272 442 1338 facilest
462 1272 525 1354 ipsi
546 1294 605 1355 per
625 1283 655 1335 tc
674 1292 891 1355 cognoscere,
916 1273 1064 1336 Memmi.

291 1379 391 1440 Arma
415 1375 545 1460 antiqua
568 1396 692 1450 manns,
716 1395 836 1458 ungues
861 1375 1034 1460 dentesque
1056 1377 1184 1442 inerunt

229 1483 271 1543 Et
293 1478 416 1562 lapides
439 1489 470 1543 et
492 1478 584 1554 item,
608 1476 760 1540 silvarum
778 1475 955 1560 fragmina,
977 1477 1090 1543 rarnei.

227 1585 288 1658 Et,
311 1582 436 1644 flamma
456 1592 551 1666 atquc
574 1577 665 1663 ignes
687 1589 857 1662 postquam
881 1591 951 1642 sunt
974 1581 1105 1664 cognita
1123 1583 1277 1666 primum,

226 1675 394 1749 Posterius
415 1683 497 1746 ferri
520 1681 567 1747 vis
589 1694 636 1745 est
651 1679 795 1766 aerisque
815 1693 961 1764 reperta:
1260 1692 1345 1756 1285

226 1789 270 1850 Et
293 1785 385 1868 prior
407 1785 490 1849 aeris
513 1796 581 1848 erat
602 1806 696 1870 quam
715 1783 797 1847 ferri
819 1785 968 1869 cognitus
989 1810 1080 1864 usus,

227 1890 302 1970 Quo
326 1887 431 1950 facilis
453 1885 557 1971 magis
579 1897 626 1950 est
648 1897 812 1950 naturaei
834 1888 929 1971 copia
953 1889 1068 1955 maior.

230 1994 317 2056 Aere
340 1991 443 2055 solum
464 2001 569 2054 terrae
589 1993 769 2053 tractabant
789 2011 926 2076 aereque
949 1992 1025 2056 belli

225 2092 410 2158 Miscebaut
428 2093 542 2156 fluctus
559 2104 591 2156 et
614 2093 746 2157 volnera
770 2103 857 2157 vasta
878 2096 1026 2180 serebant

225 2197 269 2258 Et
291 2216 388 2278 pecus
410 2205 503 2280 atque
525 2216 624 2280 agros
645 2194 845 2259 adimebant:
870 2203 947 2260 nam¹
961 2185 1057 2264 lircile
1081 2203 1154 2266 ullis
1260 2209 1345 2272 1290
1379 2217 1382 2226 “

225 2296 342 2362 Omnia
365 2299 519 2360 cedebant
543 2296 672 2360 armatis
690 2301 774 2362 nuda
795 2310 826 2362 et
847 2299 981 2366 inerma.

224 2401 303 2462 Inde
324 2397 500 2461 minutatim
522 2399 681 2482 processit
697 2400 822 2464 ferrens
842 2403 925 2470 ensis
977 2483 979 2488 ,

224 2503 397 2587 Vorsaque
414 2500 446 2564 in
470 2505 665 2566 obscoenum
687 2501 810 2585 species
833 2516 880 2568 est
902 2506 994 2572 falcis
1014 2512 1152 2594 ahenam,

223 2608 267 2668 Et
291 2606 381 2667 ferro
403 2626 541 2687 coepero
564 2605 668 2668 solnm
687 2603 899 2687 proscindere
914 2593 1044 2685 'terrae;

224 2710 474 2792 Exaeqnataque
496 2718 569 2771 sunt
592 2706 717 2788 creperi
744 2709 915 2774 certamina
938 2713 1029 2777 belli.
1259 2721 1339 2783 1295

286 2811 329 2871 Et
350 2809 439 2890 prius
463 2820 510 2871 est
529 2820 682 2872 armatum
702 2809 735 2872 in
757 2810 830 2894 eqni
850 2820 1066 2880 conscendere
1084 2822 1191 2882 costas

224 2914 267 2975 Et
288 2910 488 2974 moderarier
508 2913 592 2972 bnuo
615 2911 714 2974 frenis
739 2916 915 3000 dextraque
938 2916 1048 3002 vigere

224 3016 326 3092 Quam
350 3012 462 3096 biiugo
487 3035 583 3076 curru
606 3013 682 3076 belli
704 3025 826 3079 tentare
847 3018 988 3100 pericla.¹

222 3118 267 3178 Et
287 3114 432 3199 biiugom
454 3113 543 3198 prius
566 3127 613 3178 est
631 3139 724 3202 quam
743 3118 793 3182 bis
816 3122 1013 3208 coniungere
1036 3126 1130 3194 binos

276 3305 351 3352 1279.
371 3307 407 3351 tta
417 3307 493 3352 Godd.
502 3310 589 3368 pleriq.
597 3312 705 3357 etiomC.
713 3312 773 3357 Edd.
783 3317 840 3362 vett.
849 3314 939 3360 nudi.
959 3318 1005 3362 Sed
1014 3321 1054 3365 W.
1063 3323 1092 3367 de
1102 3323 1165 3368 coni.
1174 3326 1337 3372 mirornnrtc-

220 3377 269 3421 isio
281 3377 347 3422 inter
361 3375 455 3422 honore
468 3389 514 3433 est,
529 3381 583 3437 quin
596 3381 672 3426 Codd.
684 3384 753 3440 aliq„
768 3384 839 3426 elium
851 3384 882 3428 E.
901 3387 967 3430 intro
979 3394 1017 3433 ert
1028 3403 1061 3434 m.
1076 3391 1094 3435 i.
1109 3389 1225 3442 honores.
1248 3396 1337 3442 Nostra

220 3452 301 3491 aulem
319 3449 382 3492 ratio
401 3462 457 3492 sane
476 3452 562 3494 rnelior
580 3465 650 3506 quarn
669 3451 761 3496 Poro:
790 3451 919 3499 Laudibus
938 3443 962 3500 et
979 3459 1043 3502 antro
1062 3464 1193 3508 mortnleie
1211 3465 1277 3510 inter
1294 3465 1337 3512 lto·

219 3529 290 3562 nore.
329 3515 603 3576 inanimamur-ti.
643 3519 719 3566 1284.
740 3522 1004 3571 tractemundi.
1019 3527 1335 3590 flummoeA.L.li.th-

220 3588 320 3631 ditinum
333 3587 394 3631 hunc
406 3603 501 3634 versum
514 3591 627 3634 censebat
638 3591 716 3636 Bentl.
762 3589 837 3637 1289.
857 3593 940 3638 luetur
952 3620 961 3630 ·
975 3594 1089 3654 ·snnero
1101 3601 1180 3648 Rontl.
1194 3605 1336 3652 v.lluschlte

220 3657 332 3700 Analecta
347 3657 402 3702 erit.
416 3672 440 3714 p.
455 3656 515 3704 201.
533 3659 573 3704 ubi
592 3672 622 3704 ex
639 3660 741 3704 Victorii
761 3661 820 3706 Vur.
835 3661 912 3708 Lectt.
925 3661 972 3719 37,
994 3665 1017 3711 7.
1038 3669 1118 3715 laudat
1138 3672 1335 3731 Theopompum,

220 3728 259 3782 qui
276 3731 335 3771 teste
348 3727 492 3782 Plutarcho,
512 3730 605 3774 dixerat
619 3721 717 3799 ῥεῦμα
729 3728 780 3778 καὶ
791 3726 926 3780 κλύδωνα
937 3732 1078 3800 πολέμου.
1122 3740 1157 3784 lb.
1170 3739 1293 3801 serebant
1305 3747 1334 3790 C.

222 3792 297 3839 1293.
316 3795 464 3840 obscoenum
479 3812 508 3842 ex
521 3799 631 3844 Maerob.
647 3801 697 3844 Sel.
713 3797 737 3854 2,
751 3801 774 3848 h.
794 3803 906 3854 praetulit
920 3804 998 3848 Benil.
1013 3809 1173 3862 reposuitW.
1185 3813 1261 3858 Codd.
1273 3815 1333 3861 Edd.

220 3879 303 3908 omnes
327 3867 504 3922 opprobrium:
533 3869 560 3912 de
583 3870 649 3913 vocis
670 3869 809 3913 obscoenus
832 3873 867 3914 rel
892 3871 1029 3919 obscoenus
1053 3879 1224 3939 orthographia
1245 3891 1336 3928 eerlunt

219 3935 352 3978 etiamnunc
364 3937 530 3993 grammatici3
548 3951 570 3982 r.
587 3939 660 3984 Beier
676 3941 704 3983 ad
721 3939 771 3983 Cic.
782 3940 810 3983 de
821 3938 893 3984 Ollic.
907 3941 929 3986 1.
942 3957 965 3998 p.
979 3943 1038 3990 226.
1058 3947 1155 4001 „Pons
1174 3952 1232 3996 dicit
1249 3954 1336 3998 falcem

219 4006 318 4056 ue'nam,
351 4010 376 4048 ut
399 4005 581 4050 instrumentum
606 4010 710 4054 militaro
735 4009 824 4066 (qrridni
844 4011 923 4064 potius
941 4015 1088 4074 rustienmi)
1113 4019 1136 4063 in
1156 4023 1335 4067 desuetudinem

218 4072 322 4125 abiisse,
348 4075 376 4117 nd
396 4087 453 4117 usus
472 4077 577 4134 magicos
596 4077 635 4131 (ad
654 4079 796 4123 desecandae
815 4080 869 4123 scil.
890 4081 977 4128 herbas
1004 4086 1099 4140 philtris
1122 4095 1146 4134 et
1168 4092 1335 4136 incantationi-

219 4141 262 4184 bus
281 4140 390 4199 idoneus)
409 4156 558 4189 conversum.
584 4147 645 4192 ilinc
663 4151 749 4203 pendet
767 4148 850 4194 Horat.
865 4150 941 4206 Epod.
958 4151 987 4207 5,
1004 4153 1044 4200 98.
1066 4156 1109 4201 ubi
1120 4159 1257 4204 obscoenos
1269 4175 1335 4206 utine

197 4259 200 4266 ¹
218 4216 273 4255 suist
285 4211 403 4256 veneficae
417 4211 537 4271 (sagae).”
556 4217 628 4260 Wadi.
668 4215 742 4264 1295.
764 4217 874 4278 creperi]
888 4220 914 4264 1η
929 4221 972 4270 Cd.
982 4223 1012 4268 Ε.
1026 4239 1148 4280 superscr.
1163 4232 1238 4288 gloss.
1253 4230 1332 4279 dubii.

218 4278 295 4326 1296.
315 4287 459 4338 reppertnm
474 4282 503 4332 1..
516 4289 598 4329 eontra
612 4286 672 4331 Cdd.
686 4292 772 4343 notos,
796 4289 906 4334 stimuli.
920 4290 950 4338 Ε.
990 4292 1066 4342 1297.
1085 4297 1152 4341 viera
1168 4299 1206 4343 Pii
1220 4300 1280 4345 cdd.
1302 4321 1332 4332 -
