<?xml version="1.0" encoding="UTF-8"?>
<!DOCTYPE html PUBLIC "-//W3C//DTD XHTML 1.0 Transitional//EN"
    "http://www.w3.org/TR/xhtml1/DTD/xhtml1-transitional.dtd">
<html xmlns="http://www.w3.org/1999/xhtml" xml:lang="en" lang="en">
 <head>
  <title>
</title>
<meta http-equiv="Content-Type" content="text/html;charset=utf-8" />
  <meta name='ocr-system' content='tesseract 3.04.00' />
  <meta name='ocr-capabilities' content='ocr_page ocr_carea ocr_par ocr_line ocrx_word'/>
</head>
<body>
  <div class='ocr_page' id='page_1' title='image "./eclogaepoetarum01orelgoog_0062.png"; bbox 0 0 2952 4826; ppageno 0'>
   <div class='ocr_carea' id='block_1_1' title="bbox 1206 233 1245 296">
    <p class='ocr_par' dir='ltr' id='par_1_1' title="bbox 1206 233 1245 296">
     <span class='ocr_line' id='line_1_1' title="bbox 1206 233 1245 296; baseline 0 0"><span class='ocrx_word' id='word_1_1' title='bbox 1206 233 1245 296; x_wconf 84' lang='grc'><strong>61</strong></span> 
     </span>
    </p>
   </div>
   <div class='ocr_carea' id='block_1_2' title="bbox 80 389 1252 3541">
    <p class='ocr_par' dir='ltr' id='par_1_2' title="bbox 80 389 1252 3541">
     <span class='ocr_line' id='line_1_2' title="bbox 124 389 984 480; baseline -0.008 -19"><span class='ocrx_word' id='word_1_2' title='bbox 124 399 235 480; x_wconf 80' lang='lat' dir='ltr'><strong>Quare</strong></span> <span class='ocrx_word' id='word_1_3' title='bbox 254 393 348 460; x_wconf 88' lang='lat' dir='ltr'><strong>etiam</strong></span> <span class='ocrx_word' id='word_1_4' title='bbox 368 395 459 458; x_wconf 88' lang='lat' dir='ltr'><strong>sedes</strong></span> <span class='ocrx_word' id='word_1_5' title='bbox 478 411 608 479; x_wconf 89' lang='lat' dir='ltr'><strong>quoque</strong></span> <span class='ocrx_word' id='word_1_6' title='bbox 628 389 749 456; x_wconf 87' lang='lat' dir='ltr'><strong>nostris</strong></span> <span class='ocrx_word' id='word_1_7' title='bbox 767 389 895 455; x_wconf 91' lang='lat' dir='ltr'><strong>sedibus</strong></span> <span class='ocrx_word' id='word_1_8' title='bbox 915 411 984 454; x_wconf 85' lang='lat' dir='ltr'><strong>esse</strong></span> 
     </span>
     <span class='ocr_line' id='line_1_3' title="bbox 123 491 1245 576; baseline -0.009 -10"><span class='ocrx_word' id='word_1_9' title='bbox 123 497 305 566; x_wconf 84' lang='lat' dir='ltr'><strong>Dissimiles</strong></span> <span class='ocrx_word' id='word_1_10' title='bbox 328 497 460 572; x_wconf 89' lang='lat' dir='ltr'><strong>debent,</strong></span> <span class='ocrx_word' id='word_1_11' title='bbox 482 506 609 570; x_wconf 89' lang='lat' dir='ltr'><strong>tenues,</strong></span> <span class='ocrx_word' id='word_1_12' title='bbox 632 497 671 558; x_wconf 90' lang='grc'><strong>15</strong></span> <span class='ocrx_word' id='word_1_13' title='bbox 694 513 836 576; x_wconf 87' lang='lat' dir='ltr'><strong>corpore</strong></span> <span class='ocrx_word' id='word_1_14' title='bbox 860 511 987 557; x_wconf 90' lang='lat' dir='ltr'><strong>eorum.</strong></span> <span class='ocrx_word' id='word_1_15' title='bbox 1183 491 1245 557; x_wconf 89' lang='grc'><strong>155</strong></span> 
     </span>
     <span class='ocr_line' id='line_1_4' title="bbox 127 596 949 683; baseline -0.009 -18"><span class='ocrx_word' id='word_1_16' title='bbox 127 602 217 683; x_wconf 82' lang='lat' dir='ltr'><strong>Quae</strong></span> <span class='ocrx_word' id='word_1_17' title='bbox 232 597 294 663; x_wconf 91' lang='lat' dir='ltr'><strong>tibi</strong></span> <span class='ocrx_word' id='word_1_18' title='bbox 314 596 476 680; x_wconf 74' lang='lat' dir='ltr'><strong>posterius</strong></span> <span class='ocrx_word' id='word_1_19' title='bbox 494 597 589 681; x_wconf 91' lang='lat' dir='ltr'><strong>largo</strong></span> <span class='ocrx_word' id='word_1_20' title='bbox 612 617 759 660; x_wconf 86' lang='lat' dir='ltr'><strong>sermone</strong></span> <span class='ocrx_word' id='word_1_21' title='bbox 783 597 949 678; x_wconf 83' lang='lat' dir='ltr'><strong>probabo.</strong></span> 
     </span>
     <span class='ocr_line' id='line_1_5' title="bbox 191 695 1071 782; baseline -0.005 -17"><span class='ocrx_word' id='word_1_22' title='bbox 191 700 310 766; x_wconf 90' lang='lat' dir='ltr'><strong>Dicere</strong></span> <span class='ocrx_word' id='word_1_23' title='bbox 328 720 452 782; x_wconf 91' lang='lat' dir='ltr'><strong>porro,</strong></span> <span class='ocrx_word' id='word_1_24' title='bbox 474 697 638 763; x_wconf 88' lang='lat' dir='ltr'><strong>homiuum</strong></span> <span class='ocrx_word' id='word_1_25' title='bbox 660 718 770 764; x_wconf 84' lang='lat' dir='ltr'><strong>caussa</strong></span> <span class='ocrx_word' id='word_1_26' title='bbox 793 695 933 762; x_wconf 87' lang='lat' dir='ltr'><strong>voluisse</strong></span> <span class='ocrx_word' id='word_1_27' title='bbox 954 715 1071 780; x_wconf 84' lang='lat' dir='ltr'><strong>parare</strong></span> 
     </span>
     <span class='ocr_line' id='line_1_6' title="bbox 126 799 879 884; baseline -0.012 -14"><span class='ocrx_word' id='word_1_28' title='bbox 126 801 331 870; x_wconf 78' lang='lat' dir='ltr'><strong>Praeclaram</strong></span> <span class='ocrx_word' id='word_1_29' title='bbox 350 799 457 864; x_wconf 90' lang='lat' dir='ltr'><strong>mundi</strong></span> <span class='ocrx_word' id='word_1_30' title='bbox 476 811 621 864; x_wconf 86' lang='lat' dir='ltr'><strong>naturam</strong></span> <span class='ocrx_word' id='word_1_31' title='bbox 639 811 879 884; x_wconf 79' lang='lat' dir='ltr'><strong>proptereaque</strong></span> 
     </span>
     <span class='ocr_line' id='line_1_7' title="bbox 125 902 858 986; baseline -0.011 -14"><span class='ocrx_word' id='word_1_32' title='bbox 125 905 330 972; x_wconf 88' lang='lat' dir='ltr'><strong>Allaudabile</strong></span> <span class='ocrx_word' id='word_1_33' title='bbox 353 923 435 986; x_wconf 89' lang='lat' dir='ltr'><strong>opus</strong></span> <span class='ocrx_word' id='word_1_34' title='bbox 458 902 567 965; x_wconf 85' lang='lat' dir='ltr'><strong>divdm</strong></span> <span class='ocrx_word' id='word_1_35' title='bbox 591 903 720 965; x_wconf 84' lang='lat' dir='ltr'><strong>laudare</strong></span> <span class='ocrx_word' id='word_1_36' title='bbox 743 905 858 965; x_wconf 85' lang='lat' dir='ltr'><strong>decere</strong></span> 
     </span>
     <span class='ocr_line' id='line_1_8' title="bbox 124 1003 1247 1092; baseline -0.009 -18"><span class='ocrx_word' id='word_1_37' title='bbox 124 1010 365 1092; x_wconf 86' lang='lat' dir='ltr'><strong>Aeternumque</strong></span> <span class='ocrx_word' id='word_1_38' title='bbox 382 1015 497 1088; x_wconf 89' lang='lat' dir='ltr'><strong>putare</strong></span> <span class='ocrx_word' id='word_1_39' title='bbox 519 1016 613 1090; x_wconf 89' lang='lat' dir='ltr'><strong>atque</strong></span> <span class='ocrx_word' id='word_1_40' title='bbox 634 1003 815 1069; x_wconf 80' lang='lat' dir='ltr'><strong>immortale</strong></span> <span class='ocrx_word' id='word_1_41' title='bbox 833 1003 976 1087; x_wconf 64' lang='lat' dir='ltr'><strong>futurum</strong></span> <span class='ocrx_word' id='word_1_42' title='bbox 1184 1003 1247 1065; x_wconf 94' lang='grc'><strong>160</strong></span> 
     </span>
     <span class='ocr_line' id='line_1_9' title="bbox 124 1105 949 1191; baseline -0.005 -17"><span class='ocrx_word' id='word_1_43' title='bbox 124 1111 198 1174; x_wconf 87' lang='lat' dir='ltr'><strong>Nec</strong></span> <span class='ocrx_word' id='word_1_44' title='bbox 219 1109 268 1172; x_wconf 82' lang='lat' dir='ltr'><strong>las</strong></span> <span class='ocrx_word' id='word_1_45' title='bbox 288 1129 376 1184; x_wconf 91' lang='lat' dir='ltr'><strong>esse,</strong></span> <span class='ocrx_word' id='word_1_46' title='bbox 401 1111 492 1171; x_wconf 79' lang='lat' dir='ltr'><strong>debm</strong></span> <span class='ocrx_word' id='word_1_47' title='bbox 512 1109 601 1191; x_wconf 91' lang='lat' dir='ltr'><strong>quod</strong></span> <span class='ocrx_word' id='word_1_48' title='bbox 622 1105 662 1168; x_wconf 90' lang='lat' dir='ltr'><strong>sit</strong></span> <span class='ocrx_word' id='word_1_49' title='bbox 682 1105 807 1171; x_wconf 90' lang='lat' dir='ltr'><strong>ratione</strong></span> <span class='ocrx_word' id='word_1_50' title='bbox 825 1116 949 1170; x_wconf 82' lang='lat' dir='ltr'><strong>vetusta</strong></span> 
     </span>
     <span class='ocr_line' id='line_1_10' title="bbox 125 1208 933 1290; baseline -0.005 -14"><span class='ocrx_word' id='word_1_51' title='bbox 125 1211 286 1276; x_wconf 87' lang='lat' dir='ltr'><strong>Gentibus</strong></span> <span class='ocrx_word' id='word_1_52' title='bbox 306 1208 449 1273; x_wconf 89' lang='lat' dir='ltr'><strong>humanis</strong></span> <span class='ocrx_word' id='word_1_53' title='bbox 467 1208 633 1271; x_wconf 89' lang='lat' dir='ltr'><strong>fundatum</strong></span> <span class='ocrx_word' id='word_1_54' title='bbox 653 1218 811 1290; x_wconf 90' lang='lat' dir='ltr'><strong>perpetuo</strong></span> <span class='ocrx_word' id='word_1_55' title='bbox 832 1228 933 1283; x_wconf 85' lang='lat' dir='ltr'><strong>aevo,</strong></span> 
     </span>
     <span class='ocr_line' id='line_1_11' title="bbox 127 1309 911 1395; baseline -0.006 -19"><span class='ocrx_word' id='word_1_56' title='bbox 127 1311 314 1377; x_wconf 84' lang='lat' dir='ltr'><strong>Sollicitare</strong></span> <span class='ocrx_word' id='word_1_57' title='bbox 332 1311 397 1374; x_wconf 90' lang='lat' dir='ltr'><strong>suis</strong></span> <span class='ocrx_word' id='word_1_58' title='bbox 418 1311 482 1374; x_wconf 93' lang='lat' dir='ltr'><strong>ulla</strong></span> <span class='ocrx_word' id='word_1_59' title='bbox 504 1309 537 1373; x_wconf 88' lang='lat' dir='ltr'><strong>vi</strong></span> <span class='ocrx_word' id='word_1_60' title='bbox 559 1331 601 1373; x_wconf 86' lang='lat' dir='ltr'><strong>ex</strong></span> <span class='ocrx_word' id='word_1_61' title='bbox 622 1309 751 1374; x_wconf 87' lang='lat' dir='ltr'><strong>sedibus</strong></span> <span class='ocrx_word' id='word_1_62' title='bbox 773 1331 911 1395; x_wconf 90' lang='lat' dir='ltr'><strong>unquam</strong></span> 
     </span>
     <span class='ocr_line' id='line_1_12' title="bbox 125 1411 1014 1488; baseline -0.008 -8"><span class='ocrx_word' id='word_1_63' title='bbox 125 1417 200 1480; x_wconf 87' lang='lat' dir='ltr'><strong>Nee</strong></span> <span class='ocrx_word' id='word_1_64' title='bbox 222 1411 331 1476; x_wconf 89' lang='lat' dir='ltr'><strong>verbis</strong></span> <span class='ocrx_word' id='word_1_65' title='bbox 353 1435 471 1477; x_wconf 88' lang='lat' dir='ltr'><strong>vexare</strong></span> <span class='ocrx_word' id='word_1_66' title='bbox 494 1424 526 1476; x_wconf 90' lang='lat' dir='ltr'><strong>et</strong></span> <span class='ocrx_word' id='word_1_67' title='bbox 548 1416 588 1474; x_wconf 95' lang='lat' dir='ltr'><strong>ab</strong></span> <span class='ocrx_word' id='word_1_68' title='bbox 613 1411 679 1476; x_wconf 93' lang='lat' dir='ltr'><strong>imo</strong></span> <span class='ocrx_word' id='word_1_69' title='bbox 702 1422 854 1477; x_wconf 89' lang='lat' dir='ltr'><strong>evortere</strong></span> <span class='ocrx_word' id='word_1_70' title='bbox 876 1431 1014 1488; x_wconf 88' lang='lat' dir='ltr'><strong>summa,</strong></span> 
     </span>
     <span class='ocr_line' id='line_1_13' title="bbox 80 1511 1247 1600; baseline -0.009 -16"><span class='ocrx_word' id='word_1_71' title='bbox 80 1555 87 1568; x_wconf 92' lang='lat'><strong>·</strong></span> <span class='ocrx_word' id='word_1_72' title='bbox 128 1516 247 1584; x_wconf 87' lang='lat' dir='ltr'><strong>Cetera</strong></span> <span class='ocrx_word' id='word_1_73' title='bbox 269 1518 307 1579; x_wconf 90' lang='lat' dir='ltr'><strong>de</strong></span> <span class='ocrx_word' id='word_1_74' title='bbox 329 1536 446 1600; x_wconf 87' lang='lat' dir='ltr'><strong>genere</strong></span> <span class='ocrx_word' id='word_1_75' title='bbox 467 1518 534 1580; x_wconf 89' lang='lat' dir='ltr'><strong>hoe</strong></span> <span class='ocrx_word' id='word_1_76' title='bbox 556 1515 706 1599; x_wconf 89' lang='lat' dir='ltr'><strong>affingere</strong></span> <span class='ocrx_word' id='word_1_77' title='bbox 728 1526 760 1578; x_wconf 90' lang='lat' dir='ltr'><strong>et</strong></span> <span class='ocrx_word' id='word_1_78' title='bbox 781 1517 919 1589; x_wconf 85' lang='lat' dir='ltr'><strong>addere,</strong></span> <span class='ocrx_word' id='word_1_79' title='bbox 943 1511 1097 1589; x_wconf 90' lang='lat' dir='ltr'><strong>Memmi,</strong></span> <span class='ocrx_word' id='word_1_80' title='bbox 1187 1512 1247 1575; x_wconf 89' lang='grc'><strong>165</strong></span> 
     </span>
     <span class='ocr_line' id='line_1_14' title="bbox 125 1615 1042 1703; baseline -0.004 -21"><span class='ocrx_word' id='word_1_81' title='bbox 125 1618 334 1700; x_wconf 86' lang='lat' dir='ltr'><strong>Desiperest:</strong></span> <span class='ocrx_word' id='word_1_82' title='bbox 360 1616 438 1703; x_wconf 91' lang='lat' dir='ltr'><strong>quid</strong></span> <span class='ocrx_word' id='word_1_83' title='bbox 461 1615 542 1680; x_wconf 88' lang='lat' dir='ltr'><strong>enim</strong></span> <span class='ocrx_word' id='word_1_84' title='bbox 566 1615 800 1681; x_wconf 85' lang='lat' dir='ltr'><strong>immortalibus</strong></span> <span class='ocrx_word' id='word_1_85' title='bbox 822 1627 918 1702; x_wconf 88' lang='lat' dir='ltr'><strong>atque</strong></span> <span class='ocrx_word' id='word_1_86' title='bbox 939 1615 1042 1680; x_wconf 89' lang='lat' dir='ltr'><strong>beatis</strong></span> 
     </span>
     <span class='ocr_line' id='line_1_15' title="bbox 128 1717 898 1805; baseline -0.009 -19"><span class='ocrx_word' id='word_1_87' title='bbox 128 1719 244 1786; x_wconf 86' lang='lat' dir='ltr'><strong>Gratia</strong></span> <span class='ocrx_word' id='word_1_88' title='bbox 261 1731 372 1784; x_wconf 88' lang='lat' dir='ltr'><strong>nostra</strong></span> <span class='ocrx_word' id='word_1_89' title='bbox 390 1730 485 1805; x_wconf 91' lang='lat' dir='ltr'><strong>queat</strong></span> <span class='ocrx_word' id='word_1_90' title='bbox 502 1718 655 1804; x_wconf 86' lang='lat' dir='ltr'><strong>largirier</strong></span> <span class='ocrx_word' id='word_1_91' title='bbox 677 1717 898 1794; x_wconf 88' lang='lat' dir='ltr'><strong>emolumenti,</strong></span> 
     </span>
     <span class='ocr_line' id='line_1_16' title="bbox 127 1818 1051 1907; baseline -0.008 -18"><span class='ocrx_word' id='word_1_92' title='bbox 127 1825 175 1889; x_wconf 89' lang='lat' dir='ltr'><strong>Ut</strong></span> <span class='ocrx_word' id='word_1_93' title='bbox 196 1833 308 1886; x_wconf 85' lang='lat' dir='ltr'><strong>nostra</strong></span> <span class='ocrx_word' id='word_1_94' title='bbox 329 1820 504 1907; x_wconf 90' lang='lat' dir='ltr'><strong>quidquam</strong></span> <span class='ocrx_word' id='word_1_95' title='bbox 528 1841 637 1884; x_wconf 90' lang='lat' dir='ltr'><strong>caussa</strong></span> <span class='ocrx_word' id='word_1_96' title='bbox 661 1842 775 1906; x_wconf 84' lang='lat' dir='ltr'><strong>gerere</strong></span> <span class='ocrx_word' id='word_1_97' title='bbox 796 1818 1051 1904; x_wconf 83' lang='lat' dir='ltr'><strong>aggrediantur?</strong></span> 
     </span>
     <span class='ocr_line' id='line_1_17' title="bbox 128 1921 942 2008; baseline -0.002 -21"><span class='ocrx_word' id='word_1_98' title='bbox 128 1924 260 2006; x_wconf 88' lang='lat' dir='ltr'><strong>Quidve</strong></span> <span class='ocrx_word' id='word_1_99' title='bbox 281 1923 360 1988; x_wconf 91' lang='lat' dir='ltr'><strong>novi</strong></span> <span class='ocrx_word' id='word_1_100' title='bbox 381 1923 488 2006; x_wconf 89' lang='lat' dir='ltr'><strong>potuit</strong></span> <span class='ocrx_word' id='word_1_101' title='bbox 510 1933 600 1987; x_wconf 89' lang='lat' dir='ltr'><strong>tanto</strong></span> <span class='ocrx_word' id='word_1_102' title='bbox 622 1935 698 2005; x_wconf 92' lang='lat' dir='ltr'><strong>post</strong></span> <span class='ocrx_word' id='word_1_103' title='bbox 719 1933 792 1991; x_wconf 86' lang='lat' dir='ltr'><strong>ante</strong></span> <span class='ocrx_word' id='word_1_104' title='bbox 814 1921 942 2008; x_wconf 86' lang='lat' dir='ltr'><strong>quietos</strong></span> 
     </span>
     <span class='ocr_line' id='line_1_18' title="bbox 128 2023 1250 2108; baseline -0.007 -15"><span class='ocrx_word' id='word_1_105' title='bbox 128 2027 274 2102; x_wconf 79' lang='lat' dir='ltr'><strong>illicere,</strong></span> <span class='ocrx_word' id='word_1_106' title='bbox 296 2036 331 2088; x_wconf 93' lang='lat' dir='ltr'><strong>ut</strong></span> <span class='ocrx_word' id='word_1_107' title='bbox 353 2037 505 2108; x_wconf 91' lang='lat' dir='ltr'><strong>cuperent</strong></span> <span class='ocrx_word' id='word_1_108' title='bbox 528 2024 626 2088; x_wconf 86' lang='lat' dir='ltr'><strong>vitam</strong></span> <span class='ocrx_word' id='word_1_109' title='bbox 650 2037 770 2088; x_wconf 85' lang='lat' dir='ltr'><strong>mutare</strong></span> <span class='ocrx_word' id='word_1_110' title='bbox 792 2023 960 2107; x_wconf 83' lang='lat' dir='ltr'><strong>priorem?</strong></span> <span class='ocrx_word' id='word_1_111' title='bbox 1033 2058 1036 2063; x_wconf 96' lang='lat'>·</span> <span class='ocrx_word' id='word_1_112' title='bbox 1189 2024 1250 2087; x_wconf 82' lang='grc'><strong>110</strong></span> 
     </span>
     <span class='ocr_line' id='line_1_19' title="bbox 127 2126 920 2213; baseline -0.005 -19"><span class='ocrx_word' id='word_1_113' title='bbox 127 2131 212 2194; x_wconf 83' lang='lat' dir='ltr'><strong>Nam</strong></span> <span class='ocrx_word' id='word_1_114' title='bbox 236 2131 375 2213; x_wconf 87' lang='lat' dir='ltr'><strong>gaudere</strong></span> <span class='ocrx_word' id='word_1_115' title='bbox 397 2126 493 2192; x_wconf 88' lang='lat' dir='ltr'><strong>novis</strong></span> <span class='ocrx_word' id='word_1_116' title='bbox 514 2129 612 2191; x_wconf 92' lang='lat' dir='ltr'><strong>rebus</strong></span> <span class='ocrx_word' id='word_1_117' title='bbox 635 2130 752 2192; x_wconf 90' lang='lat' dir='ltr'><strong>debere</strong></span> <span class='ocrx_word' id='word_1_118' title='bbox 776 2126 920 2202; x_wconf 88' lang='lat' dir='ltr'><strong>videtur,</strong></span> 
     </span>
     <span class='ocr_line' id='line_1_20' title="bbox 128 2227 1079 2316; baseline -0.001 -23"><span class='ocrx_word' id='word_1_119' title='bbox 128 2229 221 2313; x_wconf 89' lang='lat' dir='ltr'><strong>Quoi</strong></span> <span class='ocrx_word' id='word_1_120' title='bbox 242 2242 367 2294; x_wconf 83' lang='lat' dir='ltr'><strong>veteres</strong></span> <span class='ocrx_word' id='word_1_121' title='bbox 390 2233 525 2304; x_wconf 90' lang='lat' dir='ltr'><strong>obsunt;</strong></span> <span class='ocrx_word' id='word_1_122' title='bbox 550 2233 622 2305; x_wconf 92' lang='lat' dir='ltr'><strong>sed,</strong></span> <span class='ocrx_word' id='word_1_123' title='bbox 647 2229 726 2315; x_wconf 93' lang='lat' dir='ltr'><strong>quoi</strong></span> <span class='ocrx_word' id='word_1_124' title='bbox 748 2227 829 2291; x_wconf 92' lang='lat' dir='ltr'><strong>nihil</strong></span> <span class='ocrx_word' id='word_1_125' title='bbox 848 2227 966 2292; x_wconf 90' lang='lat' dir='ltr'><strong>accidit</strong></span> <span class='ocrx_word' id='word_1_126' title='bbox 988 2227 1079 2316; x_wconf 89' lang='lat' dir='ltr'><strong>aegri</strong></span> 
     </span>
     <span class='ocr_line' id='line_1_21' title="bbox 129 2330 1120 2417; baseline -0.005 -20"><span class='ocrx_word' id='word_1_127' title='bbox 129 2336 296 2415; x_wconf 82' lang='lat' dir='ltr'><strong>Tempore</strong></span> <span class='ocrx_word' id='word_1_128' title='bbox 318 2331 350 2395; x_wconf 93' lang='lat' dir='ltr'><strong>in</strong></span> <span class='ocrx_word' id='word_1_129' title='bbox 372 2343 443 2395; x_wconf 91' lang='lat' dir='ltr'><strong>ante</strong></span> <span class='ocrx_word' id='word_1_130' title='bbox 466 2343 559 2409; x_wconf 86' lang='lat' dir='ltr'><strong>acto,</strong></span> <span class='ocrx_word' id='word_1_131' title='bbox 582 2353 682 2417; x_wconf 90' lang='lat' dir='ltr'><strong>quom</strong></span> <span class='ocrx_word' id='word_1_132' title='bbox 702 2330 815 2414; x_wconf 90' lang='lat' dir='ltr'><strong>pulcre</strong></span> <span class='ocrx_word' id='word_1_133' title='bbox 837 2331 970 2416; x_wconf 81' lang='lat' dir='ltr'><strong>degeret</strong></span> <span class='ocrx_word' id='word_1_134' title='bbox 989 2353 1120 2408; x_wconf 88' lang='lat' dir='ltr'><strong>aevom,</strong></span> 
     </span>
     <span class='ocr_line' id='line_1_22' title="bbox 128 2432 988 2517; baseline -0.001 -20"><span class='ocrx_word' id='word_1_135' title='bbox 128 2435 218 2517; x_wconf 88' lang='lat' dir='ltr'><strong>Quid</strong></span> <span class='ocrx_word' id='word_1_136' title='bbox 239 2433 345 2517; x_wconf 88' lang='lat' dir='ltr'><strong>potuit</strong></span> <span class='ocrx_word' id='word_1_137' title='bbox 366 2432 521 2497; x_wconf 88' lang='lat' dir='ltr'><strong>novitatis</strong></span> <span class='ocrx_word' id='word_1_138' title='bbox 544 2455 685 2498; x_wconf 90' lang='lat' dir='ltr'><strong>amorem</strong></span> <span class='ocrx_word' id='word_1_139' title='bbox 708 2436 884 2497; x_wconf 86' lang='lat' dir='ltr'><strong>accendere</strong></span> <span class='ocrx_word' id='word_1_140' title='bbox 905 2433 988 2496; x_wconf 85' lang='lat' dir='ltr'><strong>tali?</strong></span> 
     </span>
     <span class='ocr_line' id='line_1_23' title="bbox 129 2534 1249 2612; baseline -0.004 -9"><span class='ocrx_word' id='word_1_141' title='bbox 129 2539 201 2612; x_wconf 89' lang='lat' dir='ltr'><strong>An,</strong></span> <span class='ocrx_word' id='word_1_142' title='bbox 225 2539 341 2611; x_wconf 87' lang='lat' dir='ltr'><strong>credo,</strong></span> <span class='ocrx_word' id='word_1_143' title='bbox 363 2535 559 2599; x_wconf 87' lang='lat' dir='ltr'><strong>intenebris</strong></span> <span class='ocrx_word' id='word_1_144' title='bbox 581 2535 647 2598; x_wconf 83' lang='lat' dir='ltr'><strong>vita</strong></span> <span class='ocrx_word' id='word_1_145' title='bbox 669 2558 707 2598; x_wconf 94' lang='lat' dir='ltr'><strong>ac</strong></span> <span class='ocrx_word' id='word_1_146' title='bbox 729 2555 875 2599; x_wconf 87' lang='lat' dir='ltr'><strong>macrore</strong></span> <span class='ocrx_word' id='word_1_147' title='bbox 897 2534 1038 2611; x_wconf 88' lang='lat' dir='ltr'><strong>iacebat,</strong></span> <span class='ocrx_word' id='word_1_148' title='bbox 1188 2537 1249 2599; x_wconf 82' lang='grc'><strong>175</strong></span> 
     </span>
     <span class='ocr_line' id='line_1_24' title="bbox 128 2635 826 2722; baseline -0.01 -17"><span class='ocrx_word' id='word_1_149' title='bbox 128 2641 247 2705; x_wconf 90' lang='lat' dir='ltr'><strong>Donec</strong></span> <span class='ocrx_word' id='word_1_150' title='bbox 268 2636 383 2701; x_wconf 87' lang='lat' dir='ltr'><strong>diluxit</strong></span> <span class='ocrx_word' id='word_1_151' title='bbox 403 2658 509 2701; x_wconf 89' lang='lat' dir='ltr'><strong>rerum</strong></span> <span class='ocrx_word' id='word_1_152' title='bbox 531 2635 678 2722; x_wconf 89' lang='lat' dir='ltr'><strong>genitalis</strong></span> <span class='ocrx_word' id='word_1_153' title='bbox 701 2636 826 2720; x_wconf 84' lang='lat' dir='ltr'><strong>origo?</strong></span> 
     </span>
     <span class='ocr_line' id='line_1_25' title="bbox 130 2737 943 2823; baseline 0.004 -20"><span class='ocrx_word' id='word_1_154' title='bbox 130 2741 259 2823; x_wconf 90' lang='lat' dir='ltr'><strong>Quidve</strong></span> <span class='ocrx_word' id='word_1_155' title='bbox 281 2737 355 2803; x_wconf 91' lang='lat' dir='ltr'><strong>mali</strong></span> <span class='ocrx_word' id='word_1_156' title='bbox 376 2739 482 2803; x_wconf 86' lang='lat' dir='ltr'><strong>fuerat</strong></span> <span class='ocrx_word' id='word_1_157' title='bbox 503 2739 599 2803; x_wconf 90' lang='lat' dir='ltr'><strong>nobis</strong></span> <span class='ocrx_word' id='word_1_158' title='bbox 620 2759 685 2804; x_wconf 91' lang='lat' dir='ltr'><strong>non</strong></span> <span class='ocrx_word' id='word_1_159' title='bbox 707 2761 775 2802; x_wconf 87' lang='lat' dir='ltr'><strong>esse</strong></span> <span class='ocrx_word' id='word_1_160' title='bbox 799 2738 943 2806; x_wconf 80' lang='lat' dir='ltr'><strong>creatis?</strong></span> 
     </span>
     <span class='ocr_line' id='line_1_26' title="bbox 129 2839 1062 2926; baseline 0.002 -19"><span class='ocrx_word' id='word_1_161' title='bbox 129 2845 235 2908; x_wconf 88' lang='lat' dir='ltr'><strong>Natus</strong></span> <span class='ocrx_word' id='word_1_162' title='bbox 256 2841 339 2906; x_wconf 91' lang='lat' dir='ltr'><strong>enim</strong></span> <span class='ocrx_word' id='word_1_163' title='bbox 362 2843 472 2917; x_wconf 88' lang='lat' dir='ltr'><strong>debet,</strong></span> <span class='ocrx_word' id='word_1_164' title='bbox 495 2839 715 2926; x_wconf 88' lang='lat' dir='ltr'><strong>quiquomque</strong></span> <span class='ocrx_word' id='word_1_165' title='bbox 737 2852 801 2917; x_wconf 90' lang='lat' dir='ltr'><strong>est,</strong></span> <span class='ocrx_word' id='word_1_166' title='bbox 825 2841 909 2906; x_wconf 84' lang='lat' dir='ltr'><strong>velle</strong></span> <span class='ocrx_word' id='word_1_167' title='bbox 931 2864 1062 2909; x_wconf 88' lang='lat' dir='ltr'><strong>manere</strong></span> 
     </span>
     <span class='ocr_line' id='line_1_27' title="bbox 130 2931 933 3026; baseline -0.001 -17"><span class='ocrx_word' id='word_1_168' title='bbox 130 2946 171 3009; x_wconf 90' lang='grc'><strong>15</strong></span> <span class='ocrx_word' id='word_1_169' title='bbox 192 2943 275 3020; x_wconf 84' lang='lat' dir='ltr'><strong>vita,</strong></span> <span class='ocrx_word' id='word_1_170' title='bbox 299 2946 402 3008; x_wconf 90' lang='lat' dir='ltr'><strong>donec</strong></span> <span class='ocrx_word' id='word_1_171' title='bbox 423 2941 574 3006; x_wconf 91' lang='lat' dir='ltr'><strong>retinebit</strong></span> <span class='ocrx_word' id='word_1_172' title='bbox 595 2931 712 3007; x_wconf 76' lang='lat' dir='ltr'><strong>blanda</strong></span> <span class='ocrx_word' id='word_1_173' title='bbox 734 2943 905 3026; x_wconf 82' lang='lat' dir='ltr'><strong>voluptas:</strong></span> <span class='ocrx_word' id='word_1_174' title='bbox 922 2981 933 2986; x_wconf 81' lang='grc'><strong>-·</strong></span> 
     </span>
     <span class='ocr_line' id='line_1_28' title="bbox 131 3043 1252 3131; baseline 0.001 -22"><span class='ocrx_word' id='word_1_175' title='bbox 131 3045 197 3128; x_wconf 92' lang='lat' dir='ltr'><strong>Qui</strong></span> <span class='ocrx_word' id='word_1_176' title='bbox 218 3067 377 3131; x_wconf 91' lang='lat' dir='ltr'><strong>nunquam</strong></span> <span class='ocrx_word' id='word_1_177' title='bbox 400 3066 479 3109; x_wconf 86' lang='lat' dir='ltr'><strong>vero</strong></span> <span class='ocrx_word' id='word_1_178' title='bbox 502 3043 587 3109; x_wconf 82' lang='lat' dir='ltr'><strong>vitae</strong></span> <span class='ocrx_word' id='word_1_179' title='bbox 611 3044 753 3130; x_wconf 87' lang='lat' dir='ltr'><strong>gustavit</strong></span> <span class='ocrx_word' id='word_1_180' title='bbox 775 3067 916 3111; x_wconf 90' lang='lat' dir='ltr'><strong>amorem</strong></span> <span class='ocrx_word' id='word_1_181' title='bbox 1191 3048 1252 3110; x_wconf 89' lang='grc'><strong>180</strong></span> 
     </span>
     <span class='ocr_line' id='line_1_29' title="bbox 131 3145 1094 3232; baseline -0.002 -18"><span class='ocrx_word' id='word_1_182' title='bbox 131 3151 204 3214; x_wconf 87' lang='lat' dir='ltr'><strong>Nec</strong></span> <span class='ocrx_word' id='word_1_183' title='bbox 223 3147 285 3210; x_wconf 83' lang='lat' dir='ltr'><strong>tuit</strong></span> <span class='ocrx_word' id='word_1_184' title='bbox 306 3147 339 3210; x_wconf 94' lang='lat' dir='ltr'><strong>in</strong></span> <span class='ocrx_word' id='word_1_185' title='bbox 359 3167 511 3222; x_wconf 91' lang='lat' dir='ltr'><strong>numero,</strong></span> <span class='ocrx_word' id='word_1_186' title='bbox 535 3145 613 3232; x_wconf 91' lang='lat' dir='ltr'><strong>quid</strong></span> <span class='ocrx_word' id='word_1_187' title='bbox 634 3149 727 3210; x_wconf 88' lang='lat' dir='ltr'><strong>obest</strong></span> <span class='ocrx_word' id='word_1_188' title='bbox 749 3169 813 3211; x_wconf 91' lang='lat' dir='ltr'><strong>uon</strong></span> <span class='ocrx_word' id='word_1_189' title='bbox 839 3171 907 3213; x_wconf 89' lang='lat' dir='ltr'><strong>esse</strong></span> <span class='ocrx_word' id='word_1_190' title='bbox 930 3149 1094 3214; x_wconf 87' lang='lat' dir='ltr'><strong>creatum?</strong></span> 
     </span>
     <span class='ocr_line' id='line_1_30' title="bbox 193 3247 973 3335; baseline 0.001 -21"><span class='ocrx_word' id='word_1_191' title='bbox 193 3250 386 3332; x_wconf 82' lang='lat' dir='ltr'><strong>Exemplum</strong></span> <span class='ocrx_word' id='word_1_192' title='bbox 406 3270 511 3334; x_wconf 90' lang='lat' dir='ltr'><strong>porro</strong></span> <span class='ocrx_word' id='word_1_193' title='bbox 533 3247 708 3333; x_wconf 86' lang='lat' dir='ltr'><strong>gignundis</strong></span> <span class='ocrx_word' id='word_1_194' title='bbox 730 3252 826 3314; x_wconf 90' lang='lat' dir='ltr'><strong>rebus</strong></span> <span class='ocrx_word' id='word_1_195' title='bbox 849 3263 880 3315; x_wconf 91' lang='lat' dir='ltr'><strong>et</strong></span> <span class='ocrx_word' id='word_1_196' title='bbox 903 3251 973 3335; x_wconf 89' lang='lat' dir='ltr'><strong>ipsa</strong></span> 
     </span>
     <span class='ocr_line' id='line_1_31' title="bbox 130 3350 1051 3436; baseline -0.001 -18"><span class='ocrx_word' id='word_1_197' title='bbox 130 3351 274 3418; x_wconf 90' lang='lat' dir='ltr'><strong>Notities</strong></span> <span class='ocrx_word' id='word_1_198' title='bbox 289 3351 453 3415; x_wconf 89' lang='lat' dir='ltr'><strong>hominum</strong></span> <span class='ocrx_word' id='word_1_199' title='bbox 474 3353 525 3414; x_wconf 88' lang='lat' dir='ltr'><strong>dis</strong></span> <span class='ocrx_word' id='word_1_200' title='bbox 549 3354 632 3414; x_wconf 89' lang='lat' dir='ltr'><strong>unde</strong></span> <span class='ocrx_word' id='word_1_201' title='bbox 654 3362 701 3414; x_wconf 89' lang='lat' dir='ltr'><strong>est</strong></span> <span class='ocrx_word' id='word_1_202' title='bbox 725 3350 820 3416; x_wconf 89' lang='lat' dir='ltr'><strong>insita</strong></span> <span class='ocrx_word' id='word_1_203' title='bbox 842 3352 996 3436; x_wconf 89' lang='lat' dir='ltr'><strong>primum,</strong></span> <span class='ocrx_word' id='word_1_204' title='bbox 1048 3385 1051 3390; x_wconf 95' lang='lat'>·</span> 
     </span>
     <span class='ocr_line' id='line_1_32' title="bbox 132 3451 1089 3541; baseline 0 -23"><span class='ocrx_word' id='word_1_205' title='bbox 132 3453 221 3537; x_wconf 90' lang='lat' dir='ltr'><strong>Quid</strong></span> <span class='ocrx_word' id='word_1_206' title='bbox 242 3453 360 3518; x_wconf 88' lang='lat' dir='ltr'><strong>vellent</strong></span> <span class='ocrx_word' id='word_1_207' title='bbox 383 3455 507 3530; x_wconf 81' lang='lat' dir='ltr'><strong>lacere,</strong></span> <span class='ocrx_word' id='word_1_208' title='bbox 531 3464 566 3516; x_wconf 91' lang='lat' dir='ltr'><strong>ut</strong></span> <span class='ocrx_word' id='word_1_209' title='bbox 587 3451 708 3518; x_wconf 88' lang='lat' dir='ltr'><strong>scirent</strong></span> <span class='ocrx_word' id='word_1_210' title='bbox 730 3453 900 3541; x_wconf 89' lang='lat' dir='ltr'><strong>animoque</strong></span> <span class='ocrx_word' id='word_1_211' title='bbox 920 3455 1089 3520; x_wconf 86' lang='lat' dir='ltr'><strong>viderent?</strong></span> 
     </span>
    </p>
   </div>
   <div class='ocr_carea' id='block_1_3' title="bbox 131 3680 1254 4283">
    <p class='ocr_par' dir='ltr' id='par_1_3' title="bbox 131 3680 1254 4283">
     <span class='ocr_line' id='line_1_33' title="bbox 133 3680 1252 3742; baseline -0.001 -12"><span class='ocrx_word' id='word_1_212' title='bbox 133 3681 194 3730; x_wconf 80' lang='lat'><strong>159.</strong></span> <span class='ocrx_word' id='word_1_213' title='bbox 214 3680 245 3726; x_wconf 87' lang='lat' dir='ltr'><strong>ld</strong></span> <span class='ocrx_word' id='word_1_214' title='bbox 261 3680 388 3726; x_wconf 74' lang='lat' dir='ltr'><strong>laudabile</strong></span> <span class='ocrx_word' id='word_1_215' title='bbox 406 3682 436 3730; x_wconf 78' lang='lat' dir='ltr'><strong>A.</strong></span> <span class='ocrx_word' id='word_1_216' title='bbox 445 3681 475 3726; x_wconf 86' lang='lat' dir='ltr'><strong>L.</strong></span> <span class='ocrx_word' id='word_1_217' title='bbox 489 3681 519 3727; x_wconf 86' lang='lat' dir='ltr'><strong>ll.</strong></span> <span class='ocrx_word' id='word_1_218' title='bbox 547 3681 592 3736; x_wconf 84' lang='lat' dir='ltr'><strong>(ud</strong></span> <span class='ocrx_word' id='word_1_219' title='bbox 607 3681 735 3728; x_wconf 77' lang='lat' dir='ltr'><strong>laudabile</strong></span> <span class='ocrx_word' id='word_1_220' title='bbox 752 3683 814 3729; x_wconf 82' lang='lat' dir='ltr'><strong>Edd.</strong></span> <span class='ocrx_word' id='word_1_221' title='bbox 834 3681 906 3742; x_wconf 83' lang='lat' dir='ltr'><strong>vett.)</strong></span> <span class='ocrx_word' id='word_1_222' title='bbox 930 3681 961 3733; x_wconf 87' lang='lat' dir='ltr'><strong>Id</strong></span> <span class='ocrx_word' id='word_1_223' title='bbox 976 3681 1103 3728; x_wconf 77' lang='grc'><strong>1555155115</strong></span> <span class='ocrx_word' id='word_1_224' title='bbox 1127 3697 1181 3729; x_wconf 89' lang='lat' dir='ltr'><strong>cum</strong></span> <span class='ocrx_word' id='word_1_225' title='bbox 1204 3686 1252 3730; x_wconf 87' lang='lat' dir='ltr'><strong>alio</strong></span> 
     </span>
     <span class='ocr_line' id='line_1_34' title="bbox 131 3747 1254 3814; baseline 0.001 -16"><span class='ocrx_word' id='word_1_226' title='bbox 131 3751 431 3798; x_wconf 65' lang='lat' dir='ltr'><strong>(immurmurarent.</strong></span> <span class='ocrx_word' id='word_1_227' title='bbox 471 3747 529 3796; x_wconf 71' lang='grc'><strong>161.</strong></span> <span class='ocrx_word' id='word_1_228' title='bbox 544 3750 655 3811; x_wconf 74' lang='lat' dir='ltr'><strong>sumine]</strong></span> <span class='ocrx_word' id='word_1_229' title='bbox 667 3753 703 3796; x_wconf 84' lang='lat' dir='ltr'><strong>lta</strong></span> <span class='ocrx_word' id='word_1_230' title='bbox 713 3753 767 3798; x_wconf 89' lang='lat' dir='ltr'><strong>libri</strong></span> <span class='ocrx_word' id='word_1_231' title='bbox 776 3788 784 3814; x_wconf 86' lang='lat'><strong>,</strong></span> <span class='ocrx_word' id='word_1_232' title='bbox 794 3753 902 3798; x_wconf 83' lang='lat' dir='ltr'><strong>etiamC.</strong></span> <span class='ocrx_word' id='word_1_233' title='bbox 911 3753 957 3811; x_wconf 81' lang='grc' dir='ltr'><strong>Ε.;</strong></span> <span class='ocrx_word' id='word_1_234' title='bbox 974 3754 1015 3798; x_wconf 89' lang='lat' dir='ltr'><strong>W.</strong></span> <span class='ocrx_word' id='word_1_235' title='bbox 1023 3753 1254 3809; x_wconf 73' lang='lat' dir='ltr'><strong>perpersmsummd</strong></span> 
     </span>
     <span class='ocr_line' id='line_1_35' title="bbox 131 3817 1250 3878; baseline 0.002 -11"><span class='ocrx_word' id='word_1_236' title='bbox 131 3823 245 3876; x_wconf 81' lang='lat' dir='ltr'><strong>scripsit,</strong></span> <span class='ocrx_word' id='word_1_237' title='bbox 266 3817 554 3876; x_wconf 64' lang='grc' dir='ltr'><strong>55151155551555555511,Ι</strong></span> <span class='ocrx_word' id='word_1_238' title='bbox 573 3823 614 3866; x_wconf 85' lang='lat' dir='ltr'><strong>sed</strong></span> <span class='ocrx_word' id='word_1_239' title='bbox 634 3827 670 3866; x_wconf 84' lang='lat' dir='ltr'><strong>est</strong></span> <span class='ocrx_word' id='word_1_240' title='bbox 688 3829 797 3867; x_wconf 88' lang='lat' dir='ltr'><strong>neutrum</strong></span> <span class='ocrx_word' id='word_1_241' title='bbox 816 3823 917 3878; x_wconf 80' lang='lat' dir='ltr'><strong>plurale.</strong></span> <span class='ocrx_word' id='word_1_242' title='bbox 931 3835 1100 3866; x_wconf 79' lang='grc'><strong>-555515555</strong></span> <span class='ocrx_word' id='word_1_243' title='bbox 1119 3823 1179 3870; x_wconf 78' lang='lat' dir='ltr'><strong>cod.</strong></span> <span class='ocrx_word' id='word_1_244' title='bbox 1194 3823 1250 3873; x_wconf 77' lang='lat' dir='ltr'><strong>vat.</strong></span> 
     </span>
     <span class='ocr_line' id='line_1_36' title="bbox 131 3885 1251 3952; baseline 0.006 -18"><span class='ocrx_word' id='word_1_245' title='bbox 131 3905 172 3946; x_wconf 82' lang='lat' dir='ltr'><strong>ap.</strong></span> <span class='ocrx_word' id='word_1_246' title='bbox 186 3891 216 3935; x_wconf 75' lang='lat'><strong>1..</strong></span> <span class='ocrx_word' id='word_1_247' title='bbox 229 3891 288 3934; x_wconf 81' lang='lat' dir='ltr'><strong>flav.</strong></span> <span class='ocrx_word' id='word_1_248' title='bbox 305 3885 426 3948; x_wconf 82' lang='lat' dir='ltr'><strong>-fundo</strong></span> <span class='ocrx_word' id='word_1_249' title='bbox 437 3890 467 3933; x_wconf 82' lang='lat' dir='ltr'><strong>L.</strong></span> <span class='ocrx_word' id='word_1_250' title='bbox 481 3903 622 3947; x_wconf 83' lang='lat' dir='ltr'><strong>-pessum</strong></span> <span class='ocrx_word' id='word_1_251' title='bbox 632 3892 711 3936; x_wconf 85' lang='lat' dir='ltr'><strong>Bentl.</strong></span> <span class='ocrx_word' id='word_1_252' title='bbox 725 3941 727 3949; x_wconf 71' lang='lat'>‚</span> <span class='ocrx_word' id='word_1_253' title='bbox 751 3889 809 3936; x_wconf 87' lang='grc'><strong>168.</strong></span> <span class='ocrx_word' id='word_1_254' title='bbox 824 3889 1006 3952; x_wconf 70' lang='lat' dir='ltr'><strong>adgrediuntur</strong></span> <span class='ocrx_word' id='word_1_255' title='bbox 1017 3891 1199 3939; x_wconf 64' lang='grc'><strong>1111551115.</strong></span> <span class='ocrx_word' id='word_1_256' title='bbox 1208 3897 1251 3941; x_wconf 87' lang='lat' dir='ltr'><strong>W.</strong></span> 
     </span>
     <span class='ocr_line' id='line_1_37' title="bbox 132 3959 1250 4018; baseline 0.004 -14"><span class='ocrx_word' id='word_1_257' title='bbox 132 3961 205 4004; x_wconf 83' lang='lat' dir='ltr'><strong>nimis</strong></span> <span class='ocrx_word' id='word_1_258' title='bbox 218 3959 328 4014; x_wconf 82' lang='lat' dir='ltr'><strong>proiecto</strong></span> <span class='ocrx_word' id='word_1_259' title='bbox 340 3959 465 4018; x_wconf 74' lang='lat' dir='ltr'><strong>religiose.</strong></span> <span class='ocrx_word' id='word_1_260' title='bbox 484 3959 557 4003; x_wconf 86' lang='lat' dir='ltr'><strong>Recte</strong></span> <span class='ocrx_word' id='word_1_261' title='bbox 571 3960 600 4004; x_wconf 88' lang='lat' dir='ltr'><strong>C.</strong></span> <span class='ocrx_word' id='word_1_262' title='bbox 614 3960 645 4005; x_wconf 85' lang='lat' dir='ltr'><strong>E.</strong></span> <span class='ocrx_word' id='word_1_263' title='bbox 656 3992 662 4014; x_wconf 88' lang='lat'>‚</span> <span class='ocrx_word' id='word_1_264' title='bbox 677 3965 767 4006; x_wconf 83' lang='grc'><strong>51555.</strong></span> <span class='ocrx_word' id='word_1_265' title='bbox 807 3959 865 4005; x_wconf 86' lang='grc'><strong>181.</strong></span> <span class='ocrx_word' id='word_1_266' title='bbox 885 3961 912 4004; x_wconf 81' lang='lat' dir='ltr'><strong>in</strong></span> <span class='ocrx_word' id='word_1_267' title='bbox 924 3973 1028 4004; x_wconf 84' lang='lat' dir='ltr'><strong>numero</strong></span> <span class='ocrx_word' id='word_1_268' title='bbox 1044 3961 1114 4006; x_wconf 82' lang='lat' dir='ltr'><strong>etiam</strong></span> <span class='ocrx_word' id='word_1_269' title='bbox 1123 3963 1150 4008; x_wconf 91' lang='lat' dir='ltr'><strong>C.</strong></span> <span class='ocrx_word' id='word_1_270' title='bbox 1160 3965 1190 4010; x_wconf 85' lang='lat' dir='ltr'><strong>E.</strong></span> <span class='ocrx_word' id='word_1_271' title='bbox 1199 3966 1223 4009; x_wconf 86' lang='lat' dir='ltr'><strong>b.</strong></span> <span class='ocrx_word' id='word_1_272' title='bbox 1232 3967 1250 4008; x_wconf 90' lang='grc'><strong>1.</strong></span> 
     </span>
     <span class='ocr_line' id='line_1_38' title="bbox 132 4028 1252 4088; baseline 0.004 -15"><span class='ocrx_word' id='word_1_273' title='bbox 132 4028 343 4084; x_wconf 79' lang='lat' dir='ltr'><strong>scil.vireutium;</strong></span> <span class='ocrx_word' id='word_1_274' title='bbox 363 4029 404 4072; x_wconf 86' lang='lat' dir='ltr'><strong>sed</strong></span> <span class='ocrx_word' id='word_1_275' title='bbox 422 4029 499 4086; x_wconf 83' lang='lat' dir='ltr'><strong>magis</strong></span> <span class='ocrx_word' id='word_1_276' title='bbox 518 4029 643 4084; x_wconf 88' lang='lat' dir='ltr'><strong>absolute,</strong></span> <span class='ocrx_word' id='word_1_277' title='bbox 664 4044 734 4088; x_wconf 85' lang='lat' dir='ltr'><strong>quam</strong></span> <span class='ocrx_word' id='word_1_278' title='bbox 754 4030 774 4074; x_wconf 92' lang='lat' dir='ltr'><strong>si</strong></span> <span class='ocrx_word' id='word_1_279' title='bbox 793 4031 909 4074; x_wconf 84' lang='lat' dir='ltr'><strong>eiusmodi</strong></span> <span class='ocrx_word' id='word_1_280' title='bbox 928 4029 982 4087; x_wconf 86' lang='lat' dir='ltr'><strong>quid</strong></span> <span class='ocrx_word' id='word_1_281' title='bbox 998 4029 1138 4088; x_wconf 83' lang='lat' dir='ltr'><strong>adiecisset,</strong></span> <span class='ocrx_word' id='word_1_282' title='bbox 1160 4040 1184 4078; x_wconf 90' lang='lat' dir='ltr'><strong>ut</strong></span> <span class='ocrx_word' id='word_1_283' title='bbox 1201 4035 1252 4078; x_wconf 80' lang='lat' dir='ltr'><strong>lere</strong></span> 
     </span>
     <span class='ocr_line' id='line_1_39' title="bbox 131 4091 1251 4165; baseline 0.007 -23"><span class='ocrx_word' id='word_1_284' title='bbox 131 4097 220 4142; x_wconf 82' lang='lat' dir='ltr'><strong>Gracci</strong></span> <span class='ocrx_word' id='word_1_285' title='bbox 240 4093 271 4145; x_wconf 77' lang='grc' dir='ltr'><strong>ἐν</strong></span> <span class='ocrx_word' id='word_1_286' title='bbox 290 4091 406 4165; x_wconf 60' lang='grc' dir='ltr'><em>ἀριθμῷ</em></span> <span class='ocrx_word' id='word_1_287' title='bbox 418 4093 504 4147; x_wconf 73' lang='grc' dir='ltr'><strong>εἶναι.</strong></span> <span class='ocrx_word' id='word_1_288' title='bbox 520 4097 654 4154; x_wconf 83' lang='lat' dir='ltr'><strong>Perperam</strong></span> <span class='ocrx_word' id='word_1_289' title='bbox 673 4100 732 4145; x_wconf 80' lang='lat' dir='ltr'><strong>cut.</strong></span> <span class='ocrx_word' id='word_1_290' title='bbox 750 4099 806 4158; x_wconf 73' lang='lat' dir='ltr'><strong>aliq,</strong></span> <span class='ocrx_word' id='word_1_291' title='bbox 821 4099 848 4143; x_wconf 83' lang='lat' dir='ltr'><strong>in</strong></span> <span class='ocrx_word' id='word_1_292' title='bbox 861 4097 961 4143; x_wconf 85' lang='lat' dir='ltr'><strong>mundo.</strong></span> <span class='ocrx_word' id='word_1_293' title='bbox 1010 4095 1068 4146; x_wconf 79' lang='lat'><strong>183.</strong></span> <span class='ocrx_word' id='word_1_294' title='bbox 1088 4103 1125 4146; x_wconf 87' lang='lat' dir='ltr'><strong>lla</strong></span> <span class='ocrx_word' id='word_1_295' title='bbox 1138 4103 1214 4148; x_wconf 85' lang='lat' dir='ltr'><strong>Codd.</strong></span> <span class='ocrx_word' id='word_1_296' title='bbox 1227 4099 1251 4150; x_wconf 87' lang='grc'><strong>3.</strong></span> 
     </span>
     <span class='ocr_line' id='line_1_40' title="bbox 131 4165 1254 4220; baseline 0.004 -8"><span class='ocrx_word' id='word_1_297' title='bbox 131 4165 242 4212; x_wconf 74' lang='lat' dir='ltr'><strong>dicisum</strong></span> <span class='ocrx_word' id='word_1_298' title='bbox 255 4165 324 4212; x_wconf 80' lang='lat' dir='ltr'><strong>deest</strong></span> <span class='ocrx_word' id='word_1_299' title='bbox 334 4167 364 4213; x_wconf 80' lang='grc'><strong>11.</strong></span> <span class='ocrx_word' id='word_1_300' title='bbox 384 4167 445 4216; x_wconf 70' lang='grc'><strong>1111.</strong></span> <span class='ocrx_word' id='word_1_301' title='bbox 464 4173 521 4213; x_wconf 85' lang='lat' dir='ltr'><strong>vett.</strong></span> <span class='ocrx_word' id='word_1_302' title='bbox 543 4168 597 4216; x_wconf 88' lang='lat' dir='ltr'><strong>binc</strong></span> <span class='ocrx_word' id='word_1_303' title='bbox 615 4169 660 4215; x_wconf 77' lang='lat' dir='ltr'><strong>Ar.</strong></span> <span class='ocrx_word' id='word_1_304' title='bbox 671 4169 786 4215; x_wconf 72' lang='lat' dir='ltr'><strong>-llamt</strong></span> <span class='ocrx_word' id='word_1_305' title='bbox 806 4167 872 4216; x_wconf 78' lang='lat' dir='ltr'><strong>divis</strong></span> <span class='ocrx_word' id='word_1_306' title='bbox 892 4167 956 4216; x_wconf 75' lang='lat' dir='ltr'><strong>rande</strong></span> <span class='ocrx_word' id='word_1_307' title='bbox 976 4166 1065 4216; x_wconf 81' lang='lat' dir='ltr'><strong>insite.</strong></span> <span class='ocrx_word' id='word_1_308' title='bbox 1087 4195 1120 4208; x_wconf 88' lang='lat'><em>-</em></span> <span class='ocrx_word' id='word_1_309' title='bbox 1138 4171 1254 4220; x_wconf 77' lang='grc'><strong>11515551</strong></span> 
     </span>
     <span class='ocr_line' id='line_1_41' title="bbox 131 4233 1078 4283; baseline 0.002 -3"><span class='ocrx_word' id='word_1_310' title='bbox 131 4235 215 4282; x_wconf 79' lang='lat' dir='ltr'><strong>insite</strong></span> <span class='ocrx_word' id='word_1_311' title='bbox 234 4233 263 4283; x_wconf 89' lang='lat' dir='ltr'><strong>C.</strong></span> <span class='ocrx_word' id='word_1_312' title='bbox 333 4271 336 4276; x_wconf 70' lang='grc'>,</span> <span class='ocrx_word' id='word_1_313' title='bbox 759 4247 761 4252; x_wconf 95' lang='grc'><strong><em>·</em></strong></span> <span class='ocrx_word' id='word_1_314' title='bbox 1076 4249 1078 4256; x_wconf 77' lang='grc'><em>’</em></span> 
     </span>
    </p>
   </div>
   <div class='ocr_carea' id='block_1_4' title="bbox 0 0 1488 4826">
    <p class='ocr_par' dir='ltr' id='par_1_4' title="bbox 0 0 1488 4826">
     <span class='ocr_line' id='line_1_42' title="bbox 0 0 1488 4826; baseline 0 0"><span class='ocrx_word' id='word_1_315' title='bbox 0 0 1488 4826; x_wconf 95' lang='lat' dir='ltr'><strong> </strong></span> 
     </span>
    </p>
   </div>
  </div>
 </body>
</html>
