2964 4814
237 150 298 213 152

234 307 330 370 Nunc
350 316 453 374 a'utem
473 310 571 377 sacris
594 312 741 378 Baiarum
765 318 898 382 maxima
918 323 1077 404 lymphis,

300 409 464 489 Quomse
485 434 653 496 purpureo
676 436 754 481 vere
776 420 906 484 remittit
927 424 1056 489 humus.

233 507 282 570 Aa
302 509 377 573 mihi
399 514 610 595 Persephone
633 515 753 600 nigram
777 522 939 584 denuntiat
960 526 1094 590 horam:

295 610 461 676 Immerito
485 615 591 678 iuveni
612 638 710 698 parce
733 639 867 697 nocere,
891 625 971 688 deal
1000 673 1005 682 .

232 710 308 772 Non
332 731 394 795 ego
418 717 538 779 tentavi
559 719 637 780 nulli
660 725 839 784 temeranda
860 723 988 804 piorum

293 811 413 874 Audax
435 814 607 901 laudandae
629 839 721 883 saera
743 823 859 886 docere
881 827 976 901 deae;

230 911 301 973 Nec
323 933 390 976 mea
414 915 585 980 mortiferis
607 918 716 982 infecit
736 923 853 1003 pocula
876 928 979 990 suecis

210 1031 214 1043 ’
292 1012 434 1076 Dextera
459 1037 517 1079 neo
539 1018 684 1102 cuiquam
707 1021 782 1088 trita
805 1045 925 1090 venena
948 1029 1053 1106 dedit;

228 1111 299 1174 Nee
321 1134 379 1177 nos
401 1117 549 1202 sacrilegi
569 1122 693 1203 templis
716 1124 915 1190 admovimus
936 1129 1047 1213 ignes,

290 1213 360 1274 Nec
382 1235 440 1276 cor
462 1217 634 1282 sollicitant
655 1222 739 1285 saeta
763 1223 896 1291 nefanda
919 1251 1039 1308 meum;
1120 1293 1126 1302 .

228 1312 300 1374 Nee
322 1333 380 1376 noa
400 1314 529 1380 insanae
552 1321 735 1388 meditantes
757 1324 860 1411 iurgia
884 1332 994 1394 mentis

290 1413 392 1494 Impia
413 1416 444 1478 in
467 1401 621 1484 adrersos
643 1424 796 1491 solvimus
819 1450 877 1492 ora
901 1435 1002 1497 deos:

226 1513 271 1574 Et
293 1517 431 1578 nondum
454 1519 525 1582 cani
545 1514 658 1606 nigros
680 1525 802 1590 laesere
825 1532 976 1614 capillos,

287 1615 358 1676 Nee
381 1617 468 1680 venit
490 1625 582 1684 tardo
605 1645 702 1690 crtrva
725 1643 851 1694 senecta
872 1639 966 1714 pede.

223 1713 371 1778 Natalem
393 1718 497 1800 primo
520 1736 664 1788 nostrum
688 1729 796 1794 videre
819 1747 987 1818 parentes,

288 1815 394 1895 Quorn
418 1821 531 1884 cecidit
551 1824 620 1890 fato
643 1830 755 1894 consul
778 1842 910 1917 uterque
931 1840 1015 1920 pari.

223 1915 307 1995 Quid
328 1919 475 1983 fraudare
497 1923 586 1988 iuvat
608 1917 701 1992 uitem
725 1937 941 2002 crescentibus
963 1941 1038 2005 uvis

284 2020 329 2080 Et
350 2024 447 2085 modo
470 2036 541 2088 nata
564 2030 644 2092 mala
667 2033 784 2096 vellere
806 2057 903 2116 poma
924 2043 1041 2104 manu?
1075 2099 1078 2110 .

219 2117 370 2196 Parcite,
394 2125 552 2202 pallentes
574 2131 672 2193 undas
694 2134 875 2220 quicunque
897 2142 1012 2204 tenetis

281 2219 436 2305 Duraque
458 2226 564 2288 sortiti
585 2231 680 2294 tertia
701 2253 800 2318 regua
824 2237 887 2301 dei.

218 2318 346 2398 Elysios
369 2323 446 2387 olim
467 2325 559 2405 liceat
581 2349 781 2414 cognoscere
804 2358 933 2420 campos

279 2421 520 2510 Lethaeamque
542 2443 645 2493 ratem
668 2431 922 2523 Cimmeriosque
944 2443 1048 2522 lacus,

209 2519 325 2601 -Quom
348 2544 415 2588 mea
438 2548 558 2612 rugosa
580 2534 745 2614 pallebunt
768 2558 824 2601 ora
847 2556 974 2624 senecta

280 2621 326 2682 Et
345 2622 483 2688 referam
505 2630 614 2710 pueris
635 2643 782 2715 tempora
802 2640 909 2721 prisea
931 2666 1040 2712 senex.

213 2709 325 2803 Atque
347 2725 462 2788 u‘tinam
487 2751 572 2794 vano
594 2733 807 2820 nequidquam
830 2752 955 2834 terrear
978 2755 1089 2814 aestui

277 2823 448 2907 Languent
469 2838 520 2891 ter
541 2832 656 2918 quinos
679 2840 736 2898 sed
753 2862 826 2912 ‚mea
849 2849 988 2911 membra
1011 2852 1089 2915 dies.

214 2919 260 2980 At
281 2922 376 2984 vobis
399 2927 524 2992 Tuscae
546 2933 750 3000 celebrantur
772 2944 896 3007 numina
918 2949 1068 3032 lymphae

276 3022 320 3082 Et
340 3021 443 3088 facilis
466 3028 549 3094 leuta
570 3035 699 3114 pellitur
720 3045 801 3104 unda
825 3066 930 3111 manu.

213 3118 323 3183 Vivitc
344 3123 472 3204 felices,
497 3151 654 3198 memores
676 3151 708 3200 et
731 3141 830 3206 vivite
852 3149 970 3227 nothri,

274 3222 348 3286 Sive
372 3227 488 3292 erimus
511 3254 567 3296 seu
590 3257 648 3300 nos
671 3241 752 3303 Fata
773 3243 874 3330 fuisse
897 3254 1018 3316 volent.
1055 3293 1059 3307 =

209 3321 337 3388 Interea
359 3326 469 3411 nigras
483 3339 631 3414 ‚pecudes
653 3342 831 3421 promittite
854 3349 922 3412 Diti
1002 3399 1004 3403 ,

272 3426 318 3487 Et
339 3426 424 3492 nivei
446 3431 535 3497 lactis
557 3440 674 3518 pocula
697 3442 794 3506 rnixta
817 3459 918 3513 mero.
983 3531 984 3534 Ἴ

258 3640 282 3688 3.
298 3648 421 3703 proxima
439 3653 536 3709 Sciopp.
556 3656 640 3721 Heius.
665 3662 736 3717 Vulp.
759 3661 831 3710 Naue
850 3681 962 3732 aequans
980 3701 995 3712 -
1013 3679 1099 3724 mania
1118 3685 1148 3728 V.
1169 3690 1232 3736 coni.
1258 3693 1324 3738 Cou—
1463 3697 1464 3744 l

205 3715 271 3756 atrue
290 3728 343 3758 cum
365 3718 470 3764 Huschk.
492 3721 580 3775 „anda
598 3728 713 3773 maxima
733 3736 819 3779 acaria
837 3737 950 3797 lymphis
969 3741 1125 3803 Baiaram,”
1145 3767 1204 3810 quae
1223 3767 1324 3816 propter

204 3781 310 3835 lymphas
325 3785 433 3832 salubres
452 3792 555 3835 maxime
570 3795 713 3842 celebratur.
753 3799 776 3846 7.
793 3805 895 3860 piorum
914 3811 983 3865 itali,
1002 3814 1062 3860 Ere.
1083 3819 1190 3878 uotoni,
1212 3827 1319 3880 Huscbk.

202 3845 305 3893 Plurimi
326 3850 417 3900 codd:
442 3878 470 3888 -
490 3856 607 3916 deorum,
639 3867 721 3923 sieque
738 3869 856 3929 Laelium,
888 3878 952 3924 uulld
972 3883 1104 3943 sententill;
1123 3897 1241 3945 paulam
1262 3899 1323 3943 etd

202 3916 343 3970 saepissime
359 3923 534 3970 coufnuduntur
552 3929 575 3972 in
596 3931 654 3976 cdd.
674 3935 736 3990 Alii,
758 3945 783 3983 ut
802 3945 854 3988 edd.
878 3948 1005 4006 pleraeque
1024 3953 1135 4000 atrorum
1154 3960 1185 4004 V.
1207 3963 1235 4006 B.
1256 3969 1319 4021 quod

201 3984 290 4027 rectius
309 3987 387 4043 utique
408 3991 520 4054 baberet,
552 3999 573 4041 si
589 4012 666 4044 roera
683 4004 824 4054 laudandae
852 4021 932 4059 esseut
953 4020 1013 4063 ritus
1034 4017 1120 4067 Bonae
1155 4025 1241 4084 Deae,
1274 4049 1319 4079 uec

194 4054 349 4106 ceropellas
368 4053 467 4104 Cereris
485 4076 513 4108 ac
528 4063 635 4111 Liberae
641 4082 653 4122 ,¹
672 4071 715 4116 bae
735 4077 798 4120 euim
816 4082 925 4144 σεμναὶ
941 4081 1022 4142 θεαί,
1044 4103 1066 4133 v.
1082 4093 1146 4139 Seal.
1167 4102 1192 4140 et
1209 4098 1316 4147 Hnsehlr.

199 4115 306 4182 (τίμιοι
331 4119 407 4172 θεῶν
425 4127 496 4175 Pind.
516 4133 556 4178 Ol.
578 4133 607 4190 2,
641 4137 699 4184 117.
719 4134 758 4186 'vix
777 4145 822 4192 bue
840 4153 981 4208 pertinent.)
1016 4157 1066 4202 Pro
1085 4160 1247 4222 laudandae,
1273 4183 1318 4213 er-

198 4186 290 4234 landae
309 4185 382 4238 Paci.
439 4193 462 4240 8.
483 4212 585 4246 cernere
603 4205 691 4264 caera]
710 4211 743 4254 V.
760 4216 822 4262 coui.
881 4218 921 4265 10.
942 4224 1002 4270 trita
1021 4239 1033 4269 e
1051 4227 1096 4276 Gd.
1115 4232 1160 4294 m,
1179 4235 1246 4280 cuins
1264 4251 1317 4282 rna-
