2964 4814
185 373 268 434 Nata
291 367 452 432 coronatis
476 367 571 428 Musa
595 363 769 444 triumphat
791 360 900 444 equis,

119 476 164 535 Et
188 493 308 534 naccum
331 472 361 532 in
386 489 485 532 curru
507 465 600 548 parvi
624 474 789 527 vectantur
812 464 949 526 Amores

187 573 453 654 Scriptorumque
478 589 562 632 meas
586 569 677 628 turha
702 575 812 627 secuta
833 575 960 627 rotam

121 676 210 754 Quid
231 675 350 738 frustra
375 671 475 734 missis
498 671 529 732 in
552 690 601 731 mc
625 666 752 732 certatis
775 663 932 727 habenis?

167 778 262 838 'Non
288 779 381 837 datur
403 776 442 834 ad
463 773 577 834 Musas
601 789 730 832 eirmere
754 768 815 829 lata
839 767 903 829 via.

122 877 241 952 Multi,
267 879 394 949 Roma,
419 886 490 936 tuas
511 873 620 934 inrides
644 871 807 932 annalibus
830 871 967 941 addent,

189 977 254 1057 Qui
277 978 370 1039 linem
392 974 518 1056 imperii
542 975 660 1036 Bactra
682 972 790 1036 futura
813 981 946 1032 canent:

124 1082 206 1154 Sed,
233 1081 321 1161 quod
343 1098 421 1158 pace
443 1077 551 1158 legas,
579 1096 660 1156 opus
683 1075 745 1136 hoc
761 1075 806 1134 de
830 1083 937 1134 uiontc
960 1071 1116 1133 Sororum

190 1181 313 1245 Detulit
335 1180 451 1249 intaeta
473 1177 590 1260 pagiua
614 1173 810 1240 nostravia.

124 1281 265 1356 Mollia,
290 1279 486 1363 Pegasides,
513 1290 620 1340 vestro
645 1280 714 1339 date
736 1287 820 1338 serta
844 1275 987 1357 po'e'tae:

189 1385 264 1446 Non
287 1382 381 1443 faciet
404 1380 499 1460 capiti
522 1382 598 1441 deira
624 1399 745 1442 corona
768 1398 852 1441 roeo.

81 1509 87 1512 ·
124 1487 172 1548 At
195 1484 286 1559 mihi,
312 1484 399 1567 qirod
421 1481 498 1543 vivo
522 1476 696 1541 detraxerit
717 1476 824 1540 invida
848 1478 963 1550 turha,

189 1588 271 1648 Post
296 1583 417 1646 ohitunr
441 1580 558 1662 duplici
579 1581 692 1642 fenore
714 1582 827 1642 reddet
849 1581 979 1641 Honos.

128 1686 244 1750 Omnia
267 1695 343 1765 post
366 1682 486 1770 obitum
509 1682 603 1765 fingit
626 1681 748 1745 maiora
773 1691 930 1744 vetustae:
987 1749 990 1754 ,

191 1786 300 1849 Maius
323 1788 362 1846 ah
386 1784 545 1868 exsequiis
568 1805 683 1846 nornen
707 1783 736 1844 in
761 1803 816 1846 ora
840 1782 941 1846 venit.

125 1891 209 1952 Natu
233 1888 303 1970 quis
327 1908 410 1968 eqiio
433 1886 540 1967 pulsas
564 1885 705 1969 abiegno
726 1896 874 1947 nosceret
896 1904 1003 1944 arces.
1205 1885 1244 1948 25
1314 1905 1318 1912 ·

190 1989 399 2071 Fluminaque
422 1987 602 2051 Haemonia
625 1985 769 2050 courinus
793 1986 855 2048 isse
878 1984 968 2058 viru,

126 2094 260 2157 Idaeum
284 2092 466 2166 Simoenta,
492 2089 583 2154 Iovis
606 2089 761 2152 cunabula
785 2087 895 2168 parri,
928 2135 931 2144 .

151 2255 153 2257 .
191 2197 336 2258 Hectora
359 2214 417 2274 per
439 2213 569 2272 campos
592 2203 641 2254 ter
664 2191 840 2252 maculasse
860 2188 972 2253 rotas?

126 2295 398 2376 Deiphobumque
421 2294 641 2376 Helenumque
665 2305 696 2354 et
717 2292 947 2370 Polydamanta
971 2302 1003 2353 et
1025 2291 1056 2353 in
1081 2281 1174 2356 arinis

191 2397 453 2477 Qualemcuuque
477 2395 574 2480 Parin
599 2394 730 2480 vixlsua
754 2403 863 2456 nosset
886 2394 1011 2456 humus.
1207 2395 1247 2456 30

130 2497 265 2580 Exiguo
288 2518 436 2560 sermone
458 2495 546 2559 soree
568 2517 668 2572 nrrne,
693 2495 776 2559 Ilion
800 2505 829 2556 et
853 2506 885 2556 tu

128 2713 181 2742 cam
207 2699 312 2754 hancque
343 2697 494 2753 potissimum
525 2711 577 2741 sum
608 2699 750 2742 aemulatus.
807 2698 831 2742 5.
857 2699 981 2742 tenuastis
1000 2712 1059 2742 nove
1081 2698 1168 2742 dietum
1188 2710 1245 2753 pru:

128 2767 254 2820 „tenuiter
262 2798 269 2821 ,
301 2779 394 2810 eiruuua
411 2780 464 2809 curn
483 2771 534 2808 arte
552 2769 720 2821 composuistis
731 2767 759 2811 ¹':
781 2772 831 2811 tum
849 2780 872 2810 v.
894 2764 938 2810 6.:
959 2781 1004 2823 qua
1024 2781 1178 2811 nerinerorum
1197 2770 1245 2811 ele·

127 2838 253 2894 giacorutn
267 2841 319 2880 arte
334 2840 382 2878 lain
395 2835 505 2878 absoluta
519 2836 555 2878 usi
569 2836 636 2880 estis.
676 2834 700 2880 6.
721 2849 797 2894 queve
810 2834 859 2879 bib.
875 2835 935 2879 Edd.
950 2841 1006 2879 velt.
1021 2837 1107 2880 Valek.
1130 2833 1170 2880 10.
1191 2841 1250 2879 neta

129 2907 184 2950 ital.
205 2904 268 2947 euni.
288 2917 302 2946 a
328 2903 427 2948 Lachm.
453 2903 475 2946 in
499 2903 553 2966 Ed.¹
575 2917 611 2958 pr.
640 2909 751 2959 recepta,
779 2919 806 2948 ac
826 2910 908 2959 postea
926 2905 1007 2948 multis
1027 2905 1136 2959 probata.
1174 2905 1248 2949 Recte

128 2975 177 3018 tee-
199 2978 223 3016 et
241 2971 286 3016 L2.
307 2973 430 3016 redieruut
447 2973 475 3015 ad
494 2974 549 3015 lect.
569 2979 645 3018 nuto:
666 2975 722 3026 „eui
742 2986 787 3030 ego
806 2974 924 3031 originem
943 2975 1011 3026 dedi,
1032 2989 1091 3031 quae
1110 2988 1123 3017 a
1142 2988 1179 3018 uae
1194 2987 1250 3029 pro·

128 3040 272 3086 ficiscitur.”
291 3040 343 3085 cu.
363 3054 386 3084 v.
409 3037 451 3084 18.
508 3037 549 3083 12.
574 3041 727 3097 scriptorum
750 3043 857 3098 plerique
879 3043 1068 3098 interpretentur
1087 3047 1247 3098 „poetarum

129 3125 168 3156 me
188 3111 241 3154 seit.
259 3110 417 3160 imitantium,
449 3110 519 3152 etiarn
538 3112 695 3153 aemulorum.
742 3111 789 3155 Sed
809 3112 876 3163 ride,
908 3124 937 3156 ne
957 3113 1026 3168 louge
1046 3113 1177 3170 elegantius
1196 3125 1249 3156 rum

129 3179 260 3224 Amoribus
278 3179 419 3232 copulentur
436 3177 543 3232 scriptu,
563 3181 669 3222 carriiina
687 3180 761 3232 insius
780 3180 918 3233 Propertii,
939 3193 998 3237 quae
1011 3182 1079 3236 quasi
1095 3183 1166 3226 avium
1179 3186 1249 3238 atque

130 3261 220 3302 corpus
238 3247 350 3290 habentia
368 3260 464 3290 currum
483 3247 533 3290 eius
553 3247 719 3302 triumphalem
749 3247 932 3304 subsequantur.
982 3250 1045 3292 'l'nm
1066 3262 1095 3294 ex
1116 3251 1249 3304 improviso

130 3316 280 3362 convertitur
298 3317 327 3358 ad
345 3315 452 3360 aemulos
469 3317 576 3369 poeticae
594 3317 704 3372 gloriae,
725 3318 757 3359 ita
779 3330 821 3360 eos
835 3317 975 3371 increpans:
995 3318 1070 3373 „Quid
1088 3318 1179 3361 trustra
1200 3331 1250 3362 lne-

131 3399 186 3430 eem
202 3382 322 3428 certatis?
349 3384 443 3428 Nemini
468 3396 610 3428 concessum
628 3391 679 3438 est,
713 3387 774 3438 tate,
794 3387 921 3438 propatula
938 3386 980 3428 itta
998 3389 1035 3428 via
1054 3391 1078 3428 et
1096 3400 1108 3428 a
1129 3388 1250 3442 plerisque

133 3455 206 3507 trita,
239 3453 311 3507 (epici
339 3453 362 3496 in
387 3453 471 3506 primis
490 3453 612 3506 carminis)
631 3454 654 3495 in
677 3454 802 3496 Musarum
826 3454 957 3496 sacrarium
978 3459 1121 3507 penetrare,
1147 3455 1170 3498 id
1189 3456 1250 3509 quod

132 3523 191 3566 mihi
206 3521 334 3578 contigit.”
368 3521 451 3564 Menai
470 3521 515 3564 hoe
533 3521 635 3564 maxime
653 3521 921 3575 propter-Bellium,
942 3523 981 3577 qui
996 3523 1039 3564 hee
1058 3523 1176 3566 sententia
1189 3523 1250 3564 haud

131 3594 259 3646 perspecta
276 3589 373 3633 volebat
397 3602 439 3644 per
463 3590 697 3646 interrogationem,
728 3591 789 3633 mira
808 3589 921 3634 ratione:
940 3588 996 3633 Non
1015 3589 1091 3633 detur
1110 3589 1143 3633 ud
1160 3587 1251 3634 lllueue

131 3671 238 3704 currere
255 3658 307 3701 teta
325 3657 386 3701 eiu?
441 3656 481 3703 16.
502 3663 595 3701 cuntant
613 3659 673 3702 Cod.
699 3658 829 3715 Groning„
850 3660 891 3702 sed
916 3671 938 3702 v.
965 3659 1071 3702 llusrhlr.
1093 3661 1120 3702 ad
1140 3658 1196 3702 Tib.
1218 3656 1248 3712 i,

133 3728 164 3771 1.
185 3723 228 3770 36.
267 3723 309 3770 26.
329 3724 493 3770 Haemonium
508 3726 615 3770 -uirum
635 3726 718 3770 Heius.
738 3751 770 3761 -—
789 3727 919 3782 Achillem,
941 3728 1101 3781 Thessalum,
1122 3727 1249 3785 intelligit,

131 3809 236 3852 quocum
255 3794 364 3838 Xanthus
384 3808 404 3838 e.
424 3797 569 3839 Scamander
587 3809 601 3838 a
619 3796 740 3838 Simoente
759 3797 867 3850 adiutae,
888 3809 1032 3854 congressus
1058 3803 1096 3840 est
1117 3810 1141 3839 v.
1161 3797 1190 3839 ll.
1210 3810 1249 3857 φ,

133 3861 195 3907 210.
251 3860 293 3907 27.
323 3864 412 3908 Mixtae
431 3863 454 3908 h.
479 3865 496 3906 l.
516 3867 542 3905 ut
565 3863 625 3906 aliae
649 3877 757 3920 quoqne,
789 3863 881 3908 tabulae
908 3865 1036 3910 Cretenses
1068 3869 1091 3908 et
1119 3865 1249 3922 Phrygiae.

132 3933 189 3984 (etr.
210 3931 298 3974 Strabo
318 3928 364 3984 10,
392 3929 428 3984 i.)
460 3931 559 3975 Laehtn.
590 3932 614 3974 in
638 3931 683 3975 Ed.
716 3947 753 3986 pr.
779 3932 839 3976 hunc
866 3946 963 3976 versum
990 3933 1096 3988 spurium
1119 3934 1250 3987 iudicavit,

131 4001 184 4044 eine
203 4013 288 4053 causa,
320 4001 415 4055 opinor.
470 3997 513 4043 28.
544 4011 608 4055 „per
626 4014 650 4043 c.
670 4014 753 4044 uutnes
776 4003 835 4045 Cdd.
857 4005 950 4055 tenent,
972 4015 1014 4046 nec
1035 4007 1071 4045 est
1094 4001 1156 4059 quod
1170 4003 1193 4046 in
1214 4009 1252 4047 ter

131 4073 252 4112 mutemue
270 4082 322 4112 euin
340 4069 430 4126 Μεθ’
448 4068 495 4112 lae.
564 4065 607 4112 22.
626 4067 821 4127 Polydamanta
845 4069 984 4123 (Antenoris
1004 4069 1068 4114 filius
1087 4071 1249 4126 Polydamas,

131 4137 259 4192 prudentie
277 4137 365 4180 clarus.
385 4137 415 4180 ll.
437 4134 466 4190 6,
487 4133 561 4193 249.)
579 4137 606 4180 in
625 4138 706 4180 urmie
721 4138 798 4182 Codd.
823 4135 1007 4196 Polydamante
1022 4139 1068 4184 enh
1086 4141 1167 4184 armis
1186 4140 1249 4184 ltali.

131 4204 317 4264 Polydamante
335 4205 391 4250 eine
409 4205 490 4250 urmie
508 4206 572 4250 Seal.
593 4206 638 4259 lh,
662 4207 699 4250 cui
719 4206 817 4274 Lachm.
838 4206 901 4249 coni.
921 4209 1086 4261 praetulimus.
1141 4205 1182 4253 32.
1204 4206 1250 4251 Oe·
1277 4233 1279 4238 ·

130 4275 183 4318 teet
203 4274 322 4318 llereulis.
965 4295 967 4300 ·
