2946 4816
1167 199 1229 276 rea
1348 177 1354 195 ’

257 366 374 434 XXV.
424 362 481 428 Μ.
507 357 639 430 ruere
654 313 854 424 Mur-uuis.
897 357 1010 436 (mr.
1033 357 1101 437 u.)

118 477 217 545 Casta
239 498 300 542 suo
323 473 462 561 gladium
486 493 584 558 quom
606 473 748 534 traderet
771 467 870 534 Arria
893 469 1018 548 Paeto,

182 581 285 660 Quem
308 580 348 642 de
370 575 548 642 visceribus
569 584 715 636 traxerat
736 572 806 652 ipsa
829 570 917 634 suist

121 682 156 750 si
178 704 239 765 qua
261 681 361 758 fides,
383 679 519 754 volutas,
545 678 634 762 quod
653 674 738 750 ieci,
762 695 827 738 nun
850 673 955 748 dolet,
978 671 1103 754 iuquit,

182 785 248 849 Sed
270 784 357 870 quod
378 794 413 845 tu
434 779 554 857 iacies,
579 781 642 843 hoc
664 776 756 854 mihi,
781 776 899 851 Paete,
924 775 1024 838 dolet.

372 905 510 970 XXVI·
546 900 726 966 Eiusdem.
750 897 807 978 (L.
831 896 864 959 7.
882 895 958 975 ¹79.)

163 1013 282 1081 Potavi
304 1015 401 1078 modo
423 1012 593 1076 consulare
615 1011 736 1074 viuum.

122 1116 277 1199 Quaeris,
301 1136 395 1200 quam
418 1125 511 1180 vetus
534 1125 628 1199 atque
651 1109 807 1178 liberale?

121 1221 200 1302 Ipso
222 1219 354 1282 conside
377 1216 556 1298 conditum:
582 1217 639 1280 sed
659 1215 747 1298 ipse,

123 1320 187 1403 Qui
209 1321 367 1405 ponebat,
392 1329 481 1398 erat,
507 1319 650 1396 Severe,
674 1316 800 1382 consul.
851 1371 855 1402 3

372 1441 527 1506 ΧΧνιι.
563 1437 742 1505 erasnm.
777 1439 834 1520 (n.
860 1437 890 1502 a.
914 1436 984 1514 aa.)
1128 1503 1131 1506 ,

122 1551 260 1628 Narnia,
285 1550 431 1617 sulfureo
454 1572 548 1633 quam
572 1549 701 1636 gurgite
725 1549 874 1612 candidus
897 1550 996 1612 amuis

185 1653 331 1731 Circuit,
356 1651 486 1736 ancipiti
509 1653 564 1717 vix
587 1654 728 1716 adeunda
750 1652 848 1737 iugo,

123 1756 207 1838 Quid
229 1767 291 1819 tam
314 1777 409 1840 saepe
432 1776 534 1818 meum
559 1753 651 1818 uobis
673 1757 833 1818 abducere
856 1751 1009 1835 Quintum

187 1860 237 1922 Te
258 1858 348 1921 iuvat
369 1869 400 1921 ct
421 1858 505 1922 lenta
528 1855 696 1921 detinuisse
719 1851 834 1920 mora?

125 1961 211 2041 Quid
232 1959 425 2025 Nomentani
446 1980 572 2024 causam
595 1959 670 2023 mihi
691 1957 799 2041 perdis
819 1951 936 2042 agelli,
1013 1983 1019 1990 ’

186 2064 331 2146 Propter
352 2062 489 2126 vicinum
512 2061 566 2147 qui
588 2045 751 2144 pretiosus
774 2059 876 2138 erati
953 2047 956 2058 ἱ

124 2167 188 2230 Sed
210 2166 270 2228 iam
293 2187 389 2248 parce
412 2164 745 2239 minturnensium,
769 2161 911 2242 Narnia,
936 2161 1075 2244 Quinto:

186 2271 352 2353 Perpetuo
374 2267 471 2332 liceat
496 2265 542 2330 sic
564 2267 621 2331 tibi
643 2279 742 2349 ponte
765 2266 842 2330 irui.

369 2391 541 2466 xrrmn.
579 2387 758 2454 nassum.
792 2388 850 2468 (n.
875 2388 908 2452 u
932 2387 1002 2465 as.)

124 2501 272 2577 Alcime,
297 2521 388 2586 quem
411 2510 537 2582 raptum
561 2499 689 2563 domiuo
711 2498 931 2564 crescentibus
954 2498 1042 2562 arratis

186 2603 348 2667 Labicana
371 2603 434 2665 levi
457 2601 595 2683 caespite
617 2601 701 2665 velat
723 2602 856 2666 hermus:

121 2706 247 2789 Accipe
269 2726 333 2770 nun
355 2702 478 2768 Phario
503 2703 644 2768 nutantia
667 2707 813 2787 pondera
836 2725 937 2783 saxo,

187 2809 278 2888 Quae
300 2806 402 2872 cineri
416 2829 525 2876 ,vanius
549 2811 600 2870 dat
624 2809 744 2870 ruitura
767 2808 885 2880 labora

10 2915 13 2922 '
122 2912 189 2975 Sed
210 2910 342 2994 fragiles
364 2911 471 2974 buxus
495 2920 527 2972 et
549 2931 666 2992 opacas
689 2909 825 2993 palmitis
848 2913 978 2972 rumbras
1225 2912 1244 2972 5
1302 2931 1339 2960 m

188 3012 345 3096 Quaeque
367 3012 472 3076 virent
493 3012 632 3075 lacrimis
653 3011 781 3076 ruscida
805 3024 896 3095 prata
919 3010 1009 3075 meis.

121 3113 265 3196 Accipe,
290 3135 365 3177 care
385 3135 485 3197 puer,
510 3114 612 3178 nostri
634 3125 835 3178 triouumenta
858 3113 999 3179 doloris:
1126 3149 1135 3174 »

187 3216 252 3280 Hic
273 3216 331 3279 tibi
352 3227 512 3300 perpetuo
534 3229 682 3300 tempore
704 3217 794 3281 vivet
815 3218 935 3280 honor.

123 3319 231 3401 Quom
255 3318 331 3381 mihi
352 3341 520 3402 supremos
543 3319 696 3384 Lachesis
718 3319 904 3402 pernoverit
927 3307 1046 3396 annus,

186 3422 264 3486 Non
287 3420 380 3485 aliter
402 3422 525 3485 eineres
549 3425 666 3486 mando
689 3413 794 3485 iacere
817 3443 918 3485 meus.
1209 3426 1248 3484 tu

383 3546 517 3610 XXJX.
554 3519 733 3608 nannum.
765 3543 822 3622 (n.
847 3543 878 3605 s.
904 3543 973 3623 ss.)

168 3656 265 3738 Quod
286 3665 318 3719 te
341 3655 468 3720 nomine
489 3652 550 3716 iam
574 3665 631 3718 tuo
654 3655 775 3730 saluto,

125 3759 228 3838 Quem
251 3779 360 3842 regem
384 3770 416 3821 et
438 3756 598 3822 domiuum
621 3756 710 3838 prius
734 3745 911 3833 vocabam,

19 3853 29 3874 ⁹
124 3863 175 3924 Ne
198 3883 247 3924 mc
270 3859 389 3923 dixeris
412 3869 746 3925 essecontum'acem:

125 3963 221 4026 'l'otis
244 3963 326 4044 pilea
350 3961 483 4026 sarcinis
505 3960 639 4027 redemi.

124 4065 236 4148 Reges
260 4076 291 4128 et
314 4065 461 4131 dominos
482 4067 601 4128 habere
623 4066 734 4140 debet,
821 4065 825 4073 '

126 4167 191 4246 Oui
213 4188 248 4231 se
271 4170 453 4231 nonhabet
476 4179 570 4252 atque
594 4166 832 4250 cuncutpiscit„

125 4270 225 4349 Quod
246 4269 545 4355 reges‘domiuique
569 4273 808 4356 concupiscunt.
