2948 4820
657 359 787 406 tusum.

334 461 423 541 Sint,
447 481 529 548 quae
550 481 802 537 commemoras,
827 480 925 526 veras
947 463 1004 526 sed
1024 462 1148 528 horridi

334 563 450 632 Fontis
471 562 621 649 reliquias
642 565 785 646 prodere
804 561 865 627 iam
888 575 997 630 vetor.

416 667 642 733 Percontanda
664 686 814 730 sororum

505 771 602 835 Meus
624 782 687 835 est.
732 769 816 836 Cras
836 773 950 838 redeas
972 771 1059 836 licet.
1249 775 1293 835 40

623 945 838 974 *¹

342 1145 427 1212 ΧΠ.
464 1145 530 1212 AD
552 1145 1112 1211 ANDREAM'PLESSULUM.

519 1289 646 1361 Sirena
666 1287 893 1352 MDCXLII.

690 1429 766 1476 ODE.

335 1530 579 1607 Desideratum,
603 1528 767 1608 Plessule‚
791 1529 953 1593 barbitum

338 1631 538 1702 Transmitto
562 1653 687 1697 rnunus.
739 1630 876 1718 Fulgida
900 1631 1032 1714 cynthii

421 1735 489 1799 Per
511 1733 574 1796 tela
597 1743 798 1817 corytonque
820 1745 851 1797 et
874 1756 981 1798 arcum
1005 1748 1036 1800 et

509 1834 692 1901 Caesariem
715 1836 931 1922 citharamque
954 1839 1045 1903 iuror

336 1977 414 2044 Hoc
434 1975 505 2059 ipse
527 1975 589 2038 lusi
609 1996 712 2057 nuper
735 1979 818 2058 apud
841 1979 956 2050 duces3

338 2081 415 2146 Hoc
437 2077 648 2143 maximorum
668 2076 797 2140 flumina
820 2079 974 2143 montium

422 2182 614 2264 Oenumque
637 2180 852 2265 Rhenumque
875 2195 906 2246 et
927 2181 1114 2249 frementem

502 2281 638 2365 ,Detinui
660 2282 846 2346 Venusinus
868 2285 1001 2351 Istrum.

339 2425 411 2500 Tu,
435 2421 463 2485 si
484 2419 634 2504 imperito
656 2421 777 2506 pollice
799 2425 971 2502 verberes,
1017 2408 1020 2416 ¹

340 2523 555 2608 Chordaequc
577 2535 736 2608 tamquam
759 2527 910 2610 graculus
932 2531 1121 2613 obstrepant
1250 2535 1293 2596 to

425 2626 492 2690 Vel
514 2647 608 2690 anser
628 2624 816 2709 ingratusve
836 2651 959 2711 pavus:

505 2727 672 2794 Immerito
694 2751 773 2794 cave
795 2734 1003 2816 conqueraris

339 2870 469 2937 Fecisse
490 2869 614 2934 suctim.
644 2871 725 2934 Nam
748 2893 851 2958 neque
875 2873 1040 2959 quiscum

341 2973 474 3038 Habere
497 2974 609 3037 Trrrco
633 2972 716 3035 misit
738 2973 919 3052 acinacem,

427 3074 557 3139 Misisse
580 3075 825 3160 Scanderbegus
851 3099 912 3141 rina
1253 3086 1294 3149 15

509 3177 595 3240 Ense
619 3199 741 3240 maurim
765 3192 959 3244 memoratur
980 3181 1081 3248 usa'm.

517 3531 620 3601 Xlll.
645 3533 939 3602 SYMPHONIA.

173 3677 279 3740 Poeta
306 3672 492 3738 Guilielmo
520 3673 677 3740 Romatio
706 3675 753 3736 ad
778 3675 928 3762 lyricam
954 3677 1074 3761 possin
1100 3679 1297 3765 adspiranti

257 3791 408 3860 ostendit
429 3796 569 3860 modum
590 3795 805 3880 temperandi
826 3797 1021 3864 discordem
1041 3801 1222 3866 citharam.

238 3937 278 4002 P.
301 3933 463 4018 Experiar
483 3933 620 4017 primum
644 3937 807 4000 testudinis
830 3937 968 4004 indolem
991 3963 1128 4007 canorae

302 4039 346 4102 Et
368 4036 486 4122 digitos
509 4059 580 4102 cum
603 4059 686 4103 voce
710 4043 890 4116 movendo,
1100 4027 1103 4032 ¹

303 4137 502 4206 Pertentabo
525 4141 644 4221 lyram,
668 4162 740 4204 num
764 4141 803 4206 sit
825 4145 1014 4228 symphonia
1038 4169 1188 4214 concors.

388 4241 559 4312 „Ventosa
582 4245 698 4308 Famae
721 4246 835 4329 gaudia
858 4268 897 4310 ne
918 4259 1022 4329 petas.
