2948 4820
319 355 488 438 Superque
511 350 624 416 eburni
645 351 761 435 pocula
783 347 960 414 Mentoris.
1069 423 1072 426 Ι

317 458 442 520 Natura
464 457 551 520 cultu
575 453 716 540 simplice
739 453 861 539 gratius

363 558 469 623 Divos
490 558 648 648 honorat,
671 576 776 640 prona
797 556 848 619 lar
869 555 923 618 vel

404 661 494 726 Viva
514 660 598 726 focis
621 661 751 725 adolere
773 659 881 722 thura.

194 867 197 874 i
298 871 300 876 ,
319 802 474 884 Quamvis
497 803 623 872 Sabaeo
645 801 758 864 funera
781 800 914 866 misceas

323 909 452 982 Odore,
475 907 610 970 foetent.
649 903 812 988 Quidquid
833 903 864 965 in
888 901 1036 966 ambitum

361 1008 481 1072 Libido
504 1007 594 1092 cogit
616 1028 674 1070 scu
694 1007 806 1071 labore

403 1112 467 1173 Seu
489 1113 614 1192 pretio,
639 1109 741 1173 minus
764 1109 910 1173 enitescit

321 1248 418 1312 Metu
440 1249 567 1312 veneni.
613 1249 777 1314 Cinnamei
799 1269 929 1334 quoque

320 1353 455 1415 Incensa
476 1350 551 1415 libri
572 1350 689 1436 pagina
711 1353 861 1434 proditur

365 1456 487 1518 Halare
508 1466 689 1538 suspectum
713 1476 880 1538 uaporem.

405 1557 544 1622 Difficile
567 1568 633 1633 est,
658 1555 813 1621 volitante
834 1557 924 1619 lumo

320 1699 426 1762 Nares
449 1700 585 1761 aduncas
609 1689 735 1761 demere
756 1696 909 1780 posteris.

212 1871 218 1873 ‚
286 1851 290 1858 .
320 1801 456 1882 Impune
478 1801 594 1864 Manes
617 1799 787 1862 subiiciunt
802 1799 863 1862 sibi

364 1905 544 1987 Moresque
568 1899 745 1966 censendos
768 1901 916 1986 supinant

406 2008 570 2090 Factaque
593 2006 766 2070 discutiunt
789 2028 937 2070 avorum.

321 2146 466 2211 Dicenda
486 2145 579 2228 pictis
601 2168 654 2209 res
676 2145 818 2228 phaleris
840 2146 908 2209 sinc

321 2251 366 2314 Et
389 2250 508 2333 absque
530 2243 654 2332 palpo(
686 2249 809 2313 Discite
832 2260 993 2312 strenuum

365 2353 489 2416 Audire
512 2374 636 2416 verum.
681 2354 741 2416 Me
764 2351 883 2416 sciente

408 2457 530 2520 Fabula
554 2478 618 2521 uon
640 2466 815 2542 peragetur
838 2455 917 2518 ulla.

321 2597 399 2660 Non
421 2607 469 2659 est
490 2618 592 2659 meum
616 2599 807 2659 descendere
831 2597 870 2658 ad
892 2597 1002 2664 oscilla

322 2699 453 2780 Impura
475 2699 594 2761 Famae
617 2710 649 2762 et
669 2699 794 2782 fingere
816 2701 982 2775 bracteas3
1033 2685 1037 2695 ¹

364 2801 549 2885 Laruisque
571 2802 685 2865 luctari
708 2801 853 2884 superbis

407 2905 476 2968 Aut
498 2903 608 2967 niurias
631 2903 753 2968 acuisse
774 2904 896 2969 laudes.

323 3047 470 3109 Adversa
494 3049 582 3129 quod
604 3045 630 3109 si
651 3067 723 3112 sors
745 3045 823 3110 mihi
845 3044 954 3110 durius

323 3150 494 3231 Nunquam
516 3148 657 3213 serendis
680 3150 913 3212 conditionibus

367 3252 501 3327 Obstet,
524 3253 798 3336 reluctantemque
821 3263 919 3336 cogat

407 3353 566 3415 Nonnisi
590 3353 718 3416 delicias
741 3355 894 3438 loquaces

323 3493 368 3555 Et
389 3491 546 3556 laureatas
569 3491 711 3556 scribere
731 3488 861 3569 literas3

324 3597 439 3678 Sparte
461 3596 590 3671 relicta,
616 3593 787 3679 corripiam
811 3595 907 3660 silens

366 3697 481 3784 Iniqua
503 3710 569 3762 tum
592 3698 709 3762 vindex
731 3721 839 3764 amaro

408 3802 522 3865 Secula
544 3801 778 3886 despiciamque
801 3803 879 3868 risu.
