2952 4826
243 219 284 280 tu

241 380 481 448 Commemorat
501 379 640 465 speciem
662 379 820 444 lacrumas
841 381 1003 444 effundere
1025 379 1122 444 salsas

241 482 396 567 Coepissc
418 495 449 548 et
469 506 577 550 rerum
597 493 739 546 naturam
761 485 942 565 expandere
962 480 1068 546 dictis.
1170 484 1172 490 ’

302 587 528 670 Quapropter,
552 589 632 650 bene
654 607 752 670 quom
774 582 898 668 superis
920 587 958 648 de
977 585 1073 648 rebus
1094 585 1240 649 habenda

237 687 345 755 Nobis
365 701 413 753 cst
433 677 535 765 ratio,
558 686 636 752 solis
657 687 813 774 lunaeque
836 698 954 751 meatus

239 792 310 872 Qua
330 793 407 854 fiant
430 790 555 856 ratione
578 800 610 853 et
630 811 692 876 qua
714 789 749 853 vi
770 810 914 875 quaeque
938 799 1090 874 gerantur

237 894 277 956 In
298 893 413 969 terris;
443 905 509 955 tum
532 914 602 956 cnm
622 891 734 973 primis
754 890 880 956 ratione
902 891 1029 976 sagaci,

237 997 329 1060 Unde
352 993 453 1058 anima
474 1005 568 1080 atque
590 992 686 1058 animi
707 1005 832 1058 constet
851 1005 979 1068 natura,
1002 993 1191 1058 ridendum:

236 1100 281 1161 Et
304 1119 458 1182 quaeres
480 1096 574 1160 nobis
598 1094 803 1181 vigilantibus
826 1096 924 1161 obvia
945 1096 1077 1160 mcuteis

237 1200 410 1264 Terrilicet
431 1201 547 1263 morbo
570 1197 694 1262 affectis
715 1219 893 1284 somnoque
913 1198 1061 1281 sepultis;

236 1301 380 1367 Cernere
400 1301 447 1364 uti
473 1300 638 1364 videamur
659 1321 716 1365 eos
736 1301 907 1386 audireque
931 1323 1042 1365 coram

234 1405 348 1468 Morte
369 1402 473 1482 obita,
496 1424 633 1488 quorum
655 1402 748 1466 tellus
767 1403 969 1486 amplectitur
988 1426 1074 1469 ossa.

295 1507 367 1570 Nec
384 1528 433 1569 me
457 1503 553 1569 animi
574 1503 658 1569 fallit
681 1504 855 1570 Graiorum
879 1509 1018 1571 obscura
1035 1518 1163 1589 reperta

232 1607 373 1674 Difficile
394 1608 555 1671 illustrare
578 1606 703 1671 Latinis
726 1608 872 1671 versibus
890 1630 976 1683 esse;

233 1711 341 1774 Multa
363 1710 457 1774 novis
478 1709 588 1773 verbis
610 1708 800 1791 praesertim
822 1731 919 1792 quom
942 1709 983 1773 sit
1005 1713 1164 1794 agundum

234 1815 377 1896 Propter
396 1821 567 1896 egestatem
590 1810 719 1895 linguae
742 1821 773 1874 et
792 1832 899 1873 rerum
924 1810 1118 1876 novitatem:

233 1917 297 1978 Sed
318 1925 371 1977 tua
394 1935 442 1976 me
465 1912 567 1976 virtus
581 1923 690 1976 ‚tamen
712 1923 745 1976 et
765 1924 892 1994 sperata
913 1911 1063 1997 voluptas
1089 1947 1093 1954 ·

233 2016 347 2082 Suavis
368 2014 524 2080 amicitiae
546 2014 691 2101 quemvis
713 2015 837 2080 ecferre
858 2016 1018 2080 laborem

234 2123 351 2184 Suadet
371 2131 402 2183 et
422 2117 543 2182 inducit
565 2118 689 2182 noctuis
715 2116 851 2202 vigilare
872 2141 1000 2184 serenas

234 2224 447 2304 Quaerentem
468 2219 562 2284 dictis
584 2220 700 2306 quibus
723 2232 754 2284 et
778 2243 843 2306 quo
867 2221 1006 2285 carmine
1027 2225 1150 2287 demum

234 2324 333 2391 Clara
353 2336 424 2387 tuae
444 2322 566 2406 possim
585 2327 805 2407 praepandere
822 2323 940 2387 lumina
958 2327 1071 2402 menti,

232 2431 298 2493 Res
320 2426 434 2512 quibus
457 2425 599 2490 occultas
621 2424 746 2508 penitus
769 2425 938 2490 convisere
956 2427 1074 2510 possis.

294 2532 392 2594 Hunc
408 2527 508 2612 igitur
529 2540 688 2593 terrorem
712 2525 807 2591 animi
827 2531 1039 2616 tenebrasque
1061 2545 1219 2597 necessest

287 2770 345 2816 126.
365 2771 450 2816 salsus
470 2769 566 2814 firmant
584 2771 615 2816 G.
633 2770 661 2815 C.
690 2772 736 2815 Sed
751 2770 781 2814 E.
790 2767 897 2830 sulsus;
925 2772 985 2816 unde
1011 2774 1088 2816 oritur
1109 2775 1191 2818 eadem
1212 2773 1342 2829 dubitatio,

231 2856 290 2899 quae
310 2855 354 2886 nos
373 2842 506 2886 etiamnunc
522 2841 583 2884 rurale
604 2840 675 2885 babet
695 2842 718 2884 in
737 2854 815 2885 veras.
835 2842 932 2901 'l'rsgrci
951 2843 1012 2896 apud
1031 2842 1083 2886 Cic.
1104 2843 1203 2887 'l'nscul.
1218 2844 1243 2897 l,
1262 2844 1285 2902 d.
1300 2841 1341 2890 37.

231 2911 330 2956 unimus
348 2910 457 2955 obscura
476 2909 578 2964 umbra,
607 2911 677 2954 sulso
695 2909 739 2967 (al.
753 2905 841 2972 Julso)
859 2911 1000 2971 sunguine,
1032 2916 1186 2955 mortuorum
1205 2912 1341 2974 imagines.

232 2978 291 3025 130.
310 2985 436 3040 genantur
451 2979 480 3024 1..
520 2976 578 3024 132.
598 2979 698 3024 unimus
717 2980 818 3024 lensins.
835 2980 863 3024 B.
903 2977 961 3046 131.
981 2979 1120 3043 terrificant
1137 2983 1190 3027 cod.
1207 2981 1276 3026 noar.
1289 2983 1339 3028 Gif.

229 3051 322 3094 Parcus
338 3050 452 3106 probante
468 3051 511 3094 W.
531 3049 570 3106 qui
588 3049 686 3104 insuper
704 3049 747 3093 hnc
761 3051 824 3094 roni.
847 3063 890 3094 nos
909 3054 1009 3094 tractat:
1039 3054 1073 3104 (et
1088 3046 1136 3110 quet
1151 3065 1178 3094 re
1199 3077 1207 3086 ·
1225 3077 1234 3088 -
1255 3051 1342 3098 Terri-

223 3118 327 3181 ficent.)
364 3117 422 3164 137.
443 3119 522 3162 animi
540 3118 650 3163 Macron.
666 3118 694 3173 6,
718 3117 743 3163 2.
763 3118 793 3163 G.
809 3120 837 3162 C.
851 3120 882 3167 E.
896 3120 926 3165 A.
945 3140 979 3152 -
997 3121 1097 3165 unimus
1113 3121 1173 3166 Cod.
1193 3123 1262 3167 Bodl.
1279 3123 1340 3168 Edd.

229 3195 287 3234 vett.
299 3190 344 3233 Av.
384 3187 441 3233 tta.
458 3193 570 3245 spectatu
588 3187 701 3232 uoluntas
716 3189 785 3232 Bodl.
802 3188 831 3236 Α.
851 3191 975 3246 (spectatu
993 3192 1105 3248 uoluptas
1120 3191 1174 3242 W.)
1203 3193 1249 3236 Sed
1261 3205 1343 3236 reram

230 3261 356 3303 lectionem
371 3262 482 3304 asserunt
496 3258 580 3316 reliqui
601 3257 676 3302 Codd.
696 3258 757 3302 Edd.
774 3263 833 3302 vett.
873 3256 930 3303 112.
946 3257 1065 3318 perferre
1084 3261 1112 3305 C.
1130 3263 1192 3305 Ven.
1212 3262 1256 3309 Ar.
1268 3262 1297 3309 P.
1310 3262 1340 3306 A.

229 3327 281 3376 Cir.
294 3329 424 3387 Tragicum
443 3329 503 3382 apud
520 3327 571 3371 Cic.
589 3341 633 3383 pro
643 3328 722 3372 Sestio
739 3327 760 3386 §.
774 3324 832 3372 102.
854 3326 889 3371 Te
901 3327 929 3372 td
936 3360 942 3384 ‚
962 3329 1027 3387 quod
1037 3324 1110 3375 multi
1121 3329 1248 3376 invideant
1259 3332 1343 3375 multi·

228 3412 274 3457 qus
293 3403 424 3455 expetunt,
444 3397 580 3440 inscitiu’st
592 3398 739 3454 postulare,
760 3397 784 3440 si
801 3403 827 3441 tu
845 3397 955 3442 luborem
974 3413 1073 3444 surnmo
1088 3414 1143 3446 cum
1161 3413 1223 3444 curu
1241 3396 1341 3458 ecferas

229 3470 270 3522 (al.
291 3481 417 3523 perperam
432 3463 535 3528 offerus)
554 3467 660 3511 nullum.
712 3462 769 3514 113.
790 3480 890 3511 seuerus
910 3469 988 3513 Bentl.
1039 3467 1098 3515 150.
1119 3471 1153 3513 lla
1175 3470 1272 3525 scripsit
1294 3471 1337 3514 W.

228 3534 304 3582 Cuius
319 3535 474 3595 principium
492 3533 552 3580 ltine
569 3537 642 3581 nohis
660 3537 705 3582 Av.
718 3537 748 3583 P.
770 3561 801 3570 -
820 3536 979 3594 Principium
998 3539 1071 3582 euius
1090 3537 1149 3583 ltine
1166 3539 1238 3584 nobis
1257 3540 1288 3584 G.
1309 3540 1339 3584 C.

227 3607 258 3654 E.
278 3607 327 3650 Alii
345 3607 405 3651 Cdd.
425 3607 492 3651 Brix.
514 3608 573 3651 Ver.
593 3609 655 3651 Vcn.
692 3626 726 3639 —
760 3604 916 3664 Principium
941 3605 999 3652 ltine
1024 3608 1097 3652 cuius
1120 3609 1191 3654 nobis
1210 3611 1239 3654 A.
1259 3609 1289 3658 1..
1310 3610 1340 3654 ll.

227 3678 374 3734 Frequentes
399 3681 455 3720 sunt
478 3675 593 3720 eiusmodi
619 3676 817 3732 transpositiones
841 3678 878 3721 vel
902 3683 979 3721 metro
998 3678 1034 3722 vel
1054 3680 1184 3723 sententiae
1204 3681 1339 3723 contrariae

229 3746 300 3791 etium
313 3747 336 3790 in
350 3745 418 3792 Gott.
432 3759 455 3790 v.
470 3759 492 3790 c.
509 3743 566 3789 118.
598 3743 697 3789 Ennius
716 3750 742 3789 ut
755 3745 868 3803 primurn
886 3746 990 3800 cecinit,
1011 3747 1054 3808 qui
1071 3753 1156 3791 noster
1175 3761 1278 3792 urnoeno
1291 3753 1336 3792 cet.

625 3870 680 3914 Lrs.
696 3871 716 3914 l.
737 3885 759 3914 v.
775 3867 931 3916 tot-719.

299 3957 357 4008 707.
378 3959 430 4004 Cir.
446 3961 466 4004 Ι.
483 3949 541 4005 036.
562 3956 718 4019 Qrtupropter
736 3959 792 4018 quei
806 3959 938 4002 ›nureriem
951 3973 1035 4004 rerum
1048 3973 1104 4004 esse
1112 3964 1235 4018 perurunt
1250 3957 1339 4016 Ignem

226 4037 298 4091 utque
316 4044 350 4073 ex
368 4029 425 4089 igni
441 4043 565 4073 summum
589 4029 727 4072 consistere
745 4029 812 4082 solo,
845 4026 942 4088 Magno
959 4043 1033 4086 opere
1057 4043 1115 4074 uera
1132 4028 1214 4085 lupsei
1240 4027 1339 4072 ratione

225 4100 355 4148 ridentur:
375 4097 520 4144 Heraclitus
539 4099 587 4143 init
604 4111 706 4158 quorum
725 4097 779 4143 dux
796 4099 895 4155 proeliu
911 4099 1025 4157 primus,
1048 4097 1138 4144 Clurus
1156 4097 1185 4141 ob
1203 4097 1337 4142 obscurum

224 4172 339 4231 linguam
358 4167 442 4228 mugis
460 4168 527 4213 inter
544 4169 659 4223 inaneis,
682 4160 796 4228 ‘Quumde
813 4168 916 4227 gruueis
934 4169 1000 4212 inter
1019 4166 1127 4222 Graios,
1147 4166 1204 4226 quei
1221 4181 1280 4212 reru
1298 4181 1337 4211 re·

226 4241 336 4300 quirunt.
374 4237 466 4283 Omniu
484 4238 550 4282 enim
567 4237 668 4282 stolidei
684 4237 769 4296 mugis
788 4235 947 4282 admiruntur
971 4243 1118 4296 ornantque,
1144 4236 1256 4282 Inuorsis
1274 4251 1337 4296 quoe
1416 4297 1418 4303 Ι

225 4311 270 4355 sub
289 4308 371 4354 uerbis
389 4309 517 4354 latitantia
535 4313 653 4362 cernunt,
681 4305 793 4365 Veroque
812 4307 976 4362 constituunt,
997 4321 1058 4368 quoe
1077 4307 1139 4352 belle
1157 4312 1262 4368 tongere
1278 4320 1336 4366 pos·
