2952 4826
216 211 254 270 70

176 383 179 390 ¹
216 362 459 447 permixtasque
480 363 598 425 dabant
620 359 760 444 equitum
781 353 986 444 peditumque
1005 358 1125 423 ruinas.

214 469 297 530 Nam
319 476 506 528 transvorsa
527 463 616 526 leros
637 461 768 525 exibant
789 460 891 524 dentis
912 464 1042 525 adactus

213 569 357 631 Iumenta
380 576 433 628 aut
450 561 585 647 pedibus
608 573 721 626 ventos
740 573 845 626 erecta
869 565 1039 647 petebant:

213 667 456 756 Nequidquan13
479 663 630 751 quoniam
652 668 692 727 ab
714 663 824 729 nervis
846 665 969 730 succisa
993 666 1119 731 videres

214 769 397 840 Concidere
419 779 513 854 atque
535 766 630 853 gravi
650 778 769 830 terram
792 779 999 832 consternere
1019 789 1106 832 casu.

215 874 249 937 Si
272 895 354 958 qnos
374 883 444 936 aute
467 869 554 935 domi
577 869 717 935 domitos
739 868 816 934 satis
837 891 905 934 esse
924 872 1095 952 putabant,

213 979 437 1041 Effervescere
456 976 629 1038 cernebant
645 970 677 1034 iu
698 975 794 1036 rebus
817 971 951 1058 agundis

212 1076 428 1152 Vulneribus,
451 1075 610 1150 clamore,
632 1074 725 1158 fuga,
748 1085 892 1150 terrore,
915 1075 1069 1148 tuinultu3

212 1183 283 1244 Nec
304 1189 454 1263 poterant
476 1177 571 1240 ullam
595 1186 718 1259 partein
740 1179 894 1240 reducere
917 1198 1048 1241 eorum:

212 1280 415 1367 Diffugiebat
436 1279 521 1344 enim
544 1279 666 1343 varium
691 1299 791 1361 genus
812 1299 905 1342 omne
925 1278 1084 1354 ferarum,

214 1387 256 1449 Ut
279 1406 361 1448 nunc
383 1404 476 1464 saepe
493 1384 595 1446 boves
618 1383 728 1445 Lucae
746 1382 837 1446 ferro
855 1381 934 1445 rnnle
959 1393 1078 1446 mactae

211 1486 413 1570 Diffugiunt,
436 1485 505 1547 fera
527 1484 613 1547 facta
636 1482 701 1546 suis
723 1505 821 1569 quoni
840 1485 937 1545 mulla
960 1487 1088 1548 dedere.

276 1588 333 1653 Sic
353 1587 432 1662 luit,
456 1598 490 1649 ut
513 1587 673 1650 lacerent:
696 1589 751 1649 sed
772 1584 829 1648 vix
850 1589 1011 1662 adducor,
1035 1597 1069 1650 ut
1087 1599 1158 1652 ante

213 1694 289 1756 Non
311 1688 452 1775 quierint
472 1688 576 1752 animo
595 1687 792 1770 praesentire
815 1698 909 1772 atque
932 1688 1060 1766 videre,

213 1794 315 1873 Quam
339 1812 506 1855 commune
526 1789 640 1852 malurn
660 1790 765 1852 lueret
784 1789 979 1875 foedumque
1000 1793 1161 1856 futurum:

212 1896 256 1959 Et
276 1891 376 1976 inagis
391 1893 424 1955 id
440 1891 546 1974 possis
564 1891 684 1964 factum
709 1895 902 1956 contendere
920 1892 953 1955 in
973 1895 1077 1969 omni,

213 2001 248 2062 ln
269 1995 367 2058 variis
387 1994 508 2058 inundis
530 1994 618 2056 varia
639 1994 765 2058 ratione
788 1995 903 2058 creatis

213 2100 316 2180 Quam
338 2108 427 2162 certo
450 2107 544 2182 atque
563 2117 627 2160 uno
648 2108 807 2159 terrarum
826 2097 972 2182 quolibet
991 2101 1077 2164 orbi.

213 2203 277 2264 Sed
299 2200 407 2264 lacere
429 2198 463 2262 id
482 2220 546 2263 non
569 2210 631 2261 tani
653 2196 803 2262 vincundi
824 2222 881 2282 spe
902 2201 1075 2266 voluerunt

212 2304 316 2383 Quam
339 2305 432 2377 dare,
456 2304 544 2386 quod
567 2313 731 2384 gemerent
751 2302 860 2364 hostes
880 2301 1023 2388 ipscique
1040 2306 1167 2389 perire,

212 2403 296 2485 Quei
319 2425 452 2467 numero
476 2402 658 2466 diffidebant
680 2401 839 2488 armisque
862 2409 1031 2470 vacabant.

275 2505 403 2570 Nexilis
423 2516 493 2568 ante
514 2505 574 2567 suit
598 2505 695 2567 vestis
715 2526 809 2589 quani
831 2506 942 2570 textile
966 2520 1114 2594 tegmen:

212 2607 342 2672 Textilc
365 2617 441 2689 post
463 2607 583 2670 serrum
607 2618 672 2681 est;
696 2605 770 2692 quia
790 2607 881 2671 ferro
902 2610 965 2672 tela
983 2623 1134 2692 paratur:

211 2715 281 2775 Nec
299 2708 425 2772 ratione
446 2708 505 2772 alia
528 2720 662 2790 possunt
684 2720 748 2770 tarn
769 2707 853 2772 levia
878 2709 969 2795 gigni

210 2813 321 2877 Insilia
344 2833 381 2874 ao
404 2809 503 2885 fusci,
527 2810 628 2874 radici
650 2810 821 2896 scapeique
844 2826 1005 2878 sonantes.

274 2916 317 2978 Et
339 2914 448 2976 lacere
471 2922 541 2974 ante
564 2912 654 2976 viros
676 2913 778 2975 lanam
801 2924 914 2978 natura
936 2916 1048 3001 co'e'git

210 3172 286 3217 ilium
304 3170 487 3226 :ersplitterten
508 3167 616 3231 Wuffsn.
656 3167 731 3216 1329.
752 3170 829 3215 Gott.
843 3171 905 3217 Edd.
918 3179 976 3219 vett.
996 3173 1119 3221 adauctus
1132 3177 1168 3222 vel
1181 3177 1216 3222 nd
1226 3185 1324 3224 auctus.

209 3241 244 3287 ud
260 3242 325 3285 istiu
341 3240 380 3284 Pii
396 3241 459 3284 coni.
477 3238 582 3284 adortus
595 3240 624 3283 A.
639 3239 668 3284 1..
683 3241 713 3284 Η.
730 3254 790 3298 quae
806 3242 901 3298 quidun
916 3257 978 3297 vox,
998 3249 1023 3288 nt
1037 3253 1177 3292 summotus
1190 3253 1214 3292 et
1225 3249 1272 3292 alia
1285 3263 1324 3303 ap.

210 3313 307 3356 Lueret.
324 3313 523 3365 earetueanplo.
553 3310 613 3354 ilinc
631 3311 672 3358 W.
693 3310 722 3353 de
743 3312 806 3355 coni.
830 3309 864 3355 ad
881 3318 968 3368 uetus,
988 3309 1112 3376 ἐλάσεις.
1143 3317 1234 3362 Verum
1252 3318 1326 3360 exire

209 3382 266 3426 alibi
283 3377 329 3435 (6,
346 3376 434 3432 121⁶.)
452 3392 505 3424 cuin
525 3379 629 3434 simplici
646 3381 781 3424 accusativo
797 3382 914 3425 construit
925 3381 1022 3428 Lucrst.
1042 3383 1092 3429 Nec
1107 3399 1164 3430 roro
1181 3388 1325 3445 cogitatione

210 3450 316 3505 suppleri
335 3452 429 3504 potest,
449 3451 510 3504 quod
530 3449 625 3492 solebat
642 3449 733 3502 Wals.‚
752 3461 849 3506 upton
875 3455 900 3494 ut
914 3456 1083 3500 construatur:
1109 3456 1157 3509 „sd
1175 3457 1242 3501 leros
1260 3461 1326 3500 actus

209 3520 306 3566 eribant
320 3516 420 3574 apros.'’
434 3518 546 3563 Ceterum
556 3517 604 3563 E.:
619 3516 733 3562 dentibus
743 3517 883 3573 udnuctue5
896 3520 942 3566 C.-:
957 3520 1073 3567 dentibus
1085 3524 1161 3569 ictum
1200 3522 1276 3573 1333.
1288 3525 1327 3568 eie

209 3590 282 3634 1..tt.
327 3585 402 3633 1337.
422 3584 520 3632 certum
538 3611 548 3624 -
567 3613 577 3624 ·
588 3584 708 3645 sororum
725 3588 768 3631 W.
787 3589 851 3632 inani
870 3592 934 3635 coni.
979 3587 1056 3637 134⁰.
1075 3591 1120 3636 ste
1137 3593 1182 3638 Αν.
1197 3595 1228 3642 Ρ.
1248 3595 1278 3639 Α.
1295 3594 1326 3638 L.

209 3660 301 3704 Eichst.
322 3681 355 3692 -·-
372 3658 397 3702 ri
414 3657 474 3702 Cdd.
492 3658 522 3703 C.
539 3656 569 3700 Ε.
588 3655 650 3700 Edd.
670 3661 728 3700 vett.
749 3657 808 3701 flav.
826 3659 868 3702 W.
895 3659 941 3704 Sed
957 3665 1071 3705 sententia
1087 3663 1215 3708 manifesto
1228 3664 1273 3708 hoe
1288 3677 1326 3708 re-

209 3729 297 3787 quirit:
317 3726 382 3790 fim'
395 3728 496 3784 potnit,
521 3728 560 3772 eie
585 3731 610 3769 nt
627 3721 757 3783 sererent.
790 3725 907 3772 adducor
932 3730 998 3772 nullo
1016 3729 1136 3777 credendi
1153 3733 1229 3777 verbo
1247 3733 1326 3776 addito

210 3798 283 3842 habes
302 3799 374 3852 etiarn
391 3798 453 3852 apud
471 3797 523 3842 Cic.
538 3795 575 3838 vel
593 3808 647 3839 euin
666 3801 728 3850 port.
748 3801 788 3850 nt,
808 3798 1006 3854 quemadmodum
1025 3797 1073 3853 liic,
1093 3802 1130 3845 rel
1143 3813 1197 3846 eum
1209 3800 1327 3846 infinitivo

210 3872 381 3911 constructum.
402 3880 425 3911 v.
446 3881 467 3911 c.
488 3867 516 3912 de
530 3867 600 3910 Fion.
617 3862 627 3907 1
638 3895 645 3918 ,
660 3865 684 3909 5.
704 3864 797 3911 adduci
815 3866 858 3909 aix
872 3879 980 3924 porrum
999 3874 1025 3912 ut
1042 3883 1072 3912 en
1091 3893 1101 3906 ·
1120 3895 1129 3905 ·
1147 3870 1253 3915 tibinon
1267 3885 1328 3914 vern

210 3936 356 3990 videntum
375 3938 403 3981 de
414 3936 494 3980 Dicin.
508 3935 536 3988 1,
553 3932 594 3978 18.
614 3947 659 3977 nec
673 3933 787 3980 adducar
798 3959 808 3972 ·
821 3959 831 3970 ·
841 3935 868 3978 in
881 3938 950 3981 extio
965 3943 1042 3982 tolum
1056 3937 1190 3983 Etruriam
1202 3939 1325 3984 delirare.

212 4003 288 4050 tato.
301 4002 390 4064 suerat
405 4007 465 4050 Ver.
482 4005 533 4048 Vsu
556 4004 600 4046 Aa.
612 4004 658 4057 1².;
681 4017 739 4061 ques
752 4004 847 4058 forma,
868 4006 913 4049 elsi
932 4007 1056 4062 obsoleta,
1077 4008 1203 4054 obliterari
1221 4023 1267 4053 nou
1286 4011 1326 4054 de·

211 4076 275 4128 buit,
296 4077 372 4119 indice
385 4076 455 4118 etiarn
469 4073 588 4116 Bentlcio.
607 4073 684 4117 Aliter
700 4072 808 4117 sehabet
822 4071 851 4127 3,
867 4071 927 4123 819.
943 4077 981 4120 ubi
994 4077 1043 4122 th.
1058 4078 1146 4124 edidit:
1166 4078 1194 4122 in
1206 4077 1327 4137 dubioque

203 4140 305 4203 soeret,
326 4145 392 4200 quasi
411 4142 566 4196 dissyllabum
586 4147 664 4186 esset:
685 4143 744 4186 unde
758 4143 909 4188 Porcellinus
929 4147 951 4188 in
971 4159 994 4190 v.
1006 4142 1083 4204 fisum
1099 4148 1193 4192 laudat:
1214 4147 1328 4192 indubio

203 4211 307 4272 fueret,
327 4225 386 4270 quae
402 4211 472 4256 lectio
489 4211 553 4254 ouini
568 4215 635 4256 carel
649 4212 800 4257 auctoritate.
822 4233 856 4246 -
867 4211 944 4273 fieret
963 4214 1055 4269 coru,
1075 4217 1147 4260 etiam
1163 4217 1192 4262 C.
1206 4217 1236 4262 Ε.
1257 4217 1326 4261 Bria.

211 4284 241 4327 Α.
250 4284 292 4326 W.
306 4281 398 4326 llicbst.
412 4301 445 4315 -
457 4276 548 4338 soeret
560 4280 589 4325 L.
600 4281 630 4326 ll.
649 4281 730 4326 Etiam
741 4281 816 4326 Forb.
824 4279 904 4341 fieret
915 4307 925 4320 ·
941 4279 1074 4343 ·suturum
1082 4297 1092 4338 ,⁸
1111 4285 1134 4330 id
1150 4288 1212 4344 quod
1229 4287 1327 4331 cannino
