2948 4820
239 205 302 270 ast

239 495 372 562 XVIII.
388 493 583 562 CORONA
599 495 747 562 REGIA
760 493 1104 662 {ffiUMENTUM
1118 493 1360 563 HUMANAE

675 598 758 662 Mls
876 599 920 664 E.

239 723 352 802 Quom
366 741 458 785 anno
472 721 677 786 MDGXLI.
694 742 741 782 ex
750 718 937 802 Hispania,
949 719 1096 802 Anglia,
1108 721 1229 797 Italia,
1243 721 1362 787 Scotia

274 835 309 888 et
321 822 490 889 Hibernia
503 823 643 886 crebrae
658 841 850 906 regnorum
863 821 1050 886 seditiones
1065 823 1322 889 nuntiarentur.

325 965 405 1028 Esse
429 961 592 1047 quidhoc
613 961 737 1026 dicam?
758 961 857 1026 laceri
880 964 969 1048 quod
988 961 1149 1048 irangna
1169 964 1276 1030 mundi

408 1065 447 1130 In
468 1064 537 1148 ipsa
559 1086 675 1149 regum
697 1076 850 1149 torqueat

496 1166 638 1232 Martius
662 1189 719 1233 ora
742 1167 852 1232 furor!

327 1307 405 1372 Inde
428 1306 594 1371 cicatrices
617 1307 873 1392 diademataeque
895 1307 1051 1372 resultant

412 1410 555 1476 Molesta
577 1409 694 1475 leontis
716 1411 834 1474 tubera

493 1515 746 1599 Purpureaeque
768 1525 874 1578 notae.
919 1583 922 1588 ,

328 1655 418 1735 Quae
439 1653 515 1716 licet
537 1676 556 1717 a
577 1653 709 1738 gemmis
731 1654 887 1719 Indorum
910 1675 1000 1719 more
1027 1665 1214 1734 coruscent,

413 1759 488 1821 Non
511 1767 544 1820 et
566 1755 697 1819 minoris
719 1756 827 1819 saucio

497 1859 604 1924 Causa
628 1858 750 1923 doloris
773 1869 879 1922 erunt.

329 2002 375 2066 Ut
397 2001 508 2076 video,
533 2019 598 2063 uon
621 2001 661 2062 ad
682 2000 884 2082 splendorem
907 1996 1037 2064 inventa
1060 2020 1181 2066 corona
1204 2013 1266 2066 est.
1321 2003 1364 2065 10

413 2100 620 2166 Necessitatis
644 2101 803 2165 vinculum

498 2206 643 2270 Volnera
665 2202 749 2267 sacta
772 2203 866 2286 tegit.

331 2345 488 2430 Imposito
510 2366 605 2430 reges
628 2364 751 2409 exorna
771 2343 918 2427 Iuppiter
940 2350 1041 2411 auro!

415 2451 486 2526 Tu,
511 2449 664 2524 Phoebe,
688 2447 781 2510 lauro
804 2447 930 2512 mollins

500 2553 663 2634 'Tempora
687 2549 779 2634 cinge
803 2552 887 2613 mea!

309 2967 410 3030 XIX.
445 2965 509 3030 AD
532 2963 788 3029 VALERIUM
809 2962 1016 3029 ADONEM
1037 2966 1302 3032 LAURENTII

580 3067 755 3132 ADONIS
779 3067 1030 3133 FRATREM.

647 3191 774 3254 Musae
796 3189 969 3271 Cingarae

320 3295 389 3360 sive
410 3293 540 3358 artium
561 3305 595 3358 et
616 3291 877 3375 disciplinarum
899 3291 941 3354 (le
962 3313 1071 3376 regno
1092 3293 1130 3356 in
1151 3314 1298 3378 regnum

724 3393 903 3478 migratio.

336 3538 461 3612 Tellus,
488 3556 568 3621 quac
589 3547 712 3617 septem
734 3534 876 3598 subiecta
901 3533 1097 3613 Trionibus,
1123 3536 1197 3600 olim

418 3637 478 3702 Est
501 3637 568 3702 visa
590 3637 706 3720 priscis
727 3638 877 3701 barbara.

337 3741 548 3808 Crediderant
571 3743 657 3806 solas
679 3739 816 3804 habitari
839 3761 856 3802 a
879 3743 1029 3805 Teutone
1051 3741 1148 3805 silvas

420 3844 485 3908 Vel
506 3854 616 3928 tesqua
638 3843 733 3926 plena
755 3843 928 3927 vepribus:

336 3948 515 4014 Lechiadas
538 3957 647 4010 vastos
670 3968 820 4011 ursorum
842 3945 979 4011 insidere
1001 3947 1101 4011 saltus
1349 3951 1367 4012 5

421 4051 566 4136 Geluque
589 4061 759 4113 concretos
782 4047 882 4112 moris

339 4155 513 4218 Praeterea
535 4151 653 4215 nullum
677 4151 763 4215 nasci
786 4151 844 4215 nisi
866 4151 980 4216 mentis
1003 4173 1123 4235 opacae

425 4255 493 4316 Sub
515 4275 574 4318 axe
598 4253 691 4336 spissi
714 4253 845 4318 sideris:
