2946 4816
124 363 289 450 Ingemuit
312 363 453 428 citharae
475 361 646 445 lidiuruque
669 361 786 426 oblitus
810 363 951 446 Apollo,

192 466 354 530 Pieridum
377 464 515 528 lacrimis
538 467 743 546 permaduere
767 487 890 549 genae,

125 567 222 632 Vatis
246 571 287 630 ob
311 567 489 641 interitum3
513 577 687 629 sonuerunt
709 567 887 648 planctibus
910 567 982 632 orni

194 669 237 732 Et
260 668 353 732 solita
376 667 461 732 illius
483 667 621 730 carmine
645 688 722 730 saxa
745 668 841 733 trahi.

675 854 707 916 d.

129 973 273 1036 Auratae
296 971 454 1036 dominum
478 971 548 1034 fidis
571 973 622 1034 hie
644 993 781 1054 posuere
804 971 963 1039 Camenae

195 1073 345 1138 Oeeisunr
368 1073 500 1136 [lammis
523 1075 654 1156 Orphea
679 1075 806 1138 'l'hraea
830 1075 932 1141 lovis.
962 1097 964 1102 ·

670 1261 703 1323 5.

132 1376 260 1442 Occulit
284 1376 441 1442 aetherios
465 1374 555 1462 ignes
576 1377 742 1463 ipsamque
764 1401 912 1466 sororem

193 1480 265 1555 Sol,
290 1480 427 1562 tepidum
452 1481 551 1543 nitido
574 1503 668 1565 quum
694 1483 781 1544 vehit
802 1505 861 1546 axe
883 1483 985 1551 diemt

129 1581 205 1644 Non
229 1582 319 1643 aliter
341 1592 484 1644 veterum
509 1583 603 1644 cessit
626 1581 681 1644 tihi
704 1583 808 1666 gloria
832 1598 958 1662 vatum,

194 1684 294 1746 Ortus
318 1703 351 1745 es
375 1693 409 1745 ut
431 1683 536 1746 illusis
559 1684 680 1763 innuen,
707 1685 867 1766 Homero,
892 1709 1025 1754 novum.

129 1988 205 2052 Non
229 1985 336 2071 genuit
360 1989 514 2066 Smyrnae
538 1987 677 2051 divinum
701 2011 829 2072 campus
852 1993 1052 2077 Homerum,
1081 2045 1082 2048 ,

194 2093 268 2152 Nou
292 2088 466 2171 Colophon
491 2090 578 2153 molli
602 2091 686 2153 sidus
710 2091 739 2153 in
763 2091 871 2168 lonia;

130 2193 205 2254 Nou
231 2192 378 2272 Cyprus,
404 2213 466 2254 uou
490 2194 621 2272 pulchra
646 2191 768 2271 Chios,
794 2217 958 2261 nonarva
982 2197 1127 2284 Canopi,

192 2295 269 2356 Non
292 2292 484 2355 Ladrtiadae
507 2295 609 2374 patria
633 2297 709 2356 dura
731 2295 811 2370 feri;

129 2396 206 2458 Non
231 2396 342 2479 Argos
366 2393 468 2457 Danai
491 2395 739 2480 Cyclopeaeque
763 2397 943 2478 lllyeeuae3

192 2497 315 2575 Inclyta
339 2515 396 2558 nee
418 2509 560 2559 veterum
584 2498 705 2560 moenia
729 2497 958 2582 Cecropidum.

130 2597 212 2660 Nam
235 2619 298 2660 nou
321 2610 368 2661 est
391 2609 545 2661 terrestre
568 2619 687 2679 geniis,
712 2603 768 2662 sed
791 2603 831 2662 ab
854 2604 982 2667 aethere
1005 2605 1122 2669 Musae

196 2699 357 2762 Miserunt
381 2715 487 2782 aptum
511 2701 593 2764 secla
617 2703 713 2764 beare
737 2703 853 2766 virum.

674 2887 706 2950 7.

129 3007 190 3070 Est
212 3005 344 3087 patriam
371 3005 565 3086 Colophona
588 3017 673 3068 tuam
698 3005 752 3090 qui
775 3006 876 3084 dieat,
901 3009 1065 3089 Homerc3

194 3110 255 3170 Ast
279 3109 355 3170 alius
380 3110 567 3187 Smyrnam,
591 3129 667 3189 pars
690 3109 731 3171 ait
755 3131 823 3172 esse
846 3109 983 3187 Chium,

129 3210 224 3274 Alter
246 3213 305 3273 lou
329 3209 426 3284 dixit,
452 3221 525 3272 sieut
548 3203 778 3292 qui'Salauiiua
803 3223 971 3293 putarunt;

175 3312 310 3393 Quidam
335 3325 364 3375 te
387 3313 561 3396 Lapithiuu
585 3309 745 3394 sanguinis
769 3333 837 3374 esse
860 3314 985 3391 seruut3

268 3583 325 3633 Sic,
346 3583 384 3626 uhi
404 3583 544 3628 Maeonides
563 3582 665 3636 primum
684 3582 721 3624 esl
739 3585 852 3636 exortus,
872 3584 979 3640 ademit,

305 3651 425 3710 Quotquot
445 3655 529 3705 errarit,
550 3653 604 3694 aliis
623 3650 716 3695 vallbtts
735 3663 805 3695 onrue
825 3652 904 3697 iubar.

200 3717 226 3778 6]
248 3719 377 3764 Cunichius
396 3723 448 3765 sic:

270 3787 321 3832 Non
341 3791 456 3842 Smyrnae
476 3791 545 3833 tellus
563 3789 627 3833 elium
645 3790 767 3850 generavit
788 3790 932 3845 liorneruur,

303 3856 427 3902 Pereudos
446 3863 486 3901 ant
504 3858 629 3912 Colophon
649 3857 715 3902 sidus
734 3859 850 3915 laeuiac3

268 3924 320 3970 Non
340 3927 429 3981 Chios,
450 3928 550 3984 Aegmti
570 3941 616 3971 non
636 3928 731 3985 pinguia
747 3941 824 3981 rima,
845 3941 888 3972 nec
907 3931 969 3974 elsua

303 3994 411 4052 Cyprus,
431 4000 573 4052 praeruptae
594 4009 637 4040 nec
656 3997 709 4054 iuga
727 3998 791 4040 celsa
812 3997 920 4054 ithacne3

267 4062 320 4108 Non
338 4065 417 4122 Argos
435 4065 509 4108 Danai
530 4064 693 4119 Cyelopeneve
712 4065 846 4120 Mycenas,

305 4133 388 4178 irretita
407 4147 449 4179 nee
468 4138 576 4177 veterum
595 4133 689 4178 »noenia
707 4133 877 4190 Cecropidum.

267 4203 344 4248 Terra
363 4206 439 4246 uirum
458 4203 518 4246 haud
537 4206 636 4260 genuit,
657 4204 697 4246 sed
717 4204 782 4246 misit
801 4204 830 4248 ah
850 4217 910 4260 axe,
930 4205 1048 4250 ferentem

302 4271 387 4317 Dulcia
408 4271 536 4330 terrigenis
554 4283 673 4325 munera,
694 4272 813 4329 Calliope.
930 4265 933 4270 ’
