2952 4826
186 377 250 438 Sed
270 372 350 438 lacit
370 393 436 438 esse
458 370 508 436 sui
528 369 678 456 quiddam
700 391 796 453 super
817 368 940 434 inscius
957 369 1038 452 ipse.

187 476 296 540 Vivus
317 475 400 540 enim
418 472 480 538 sibi
501 494 598 558 quom
621 472 779 556 proponit
799 471 933 558 quisque
955 471 1114 547 futurum,

187 577 319 662 Corpus
341 575 387 640 uti
407 576 555 640 volueres
577 574 719 640 lacerent
739 573 772 639 in
792 586 896 640 morte
915 573 1084 660 feraeque,

186 682 261 762 lpse
284 679 333 742 sui
356 677 506 741 miseret:
532 698 634 762 neque
658 677 740 740 enim
762 700 796 744 se
817 677 931 742 dividit
953 676 1052 739 hilum

186 784 258 846 Nec
279 791 425 846 removet
444 778 520 843 satis
545 800 562 842 a
584 777 734 861 proiecto
757 800 918 862 corpore;
941 790 973 844 et
991 779 1070 842 illud
1244 778 1306 842 895

189 887 230 949 Se
249 883 344 967 fingit
363 903 517 967 sensuque
537 902 595 946 suo
617 881 814 946 contaminat
836 892 952 946 astans.
1309 895 1314 906 ’

187 985 277 1050 Hinc
297 985 481 1069 indignatur
500 1006 533 1048 se
556 985 724 1049 mortalem
745 1007 813 1048 esse
833 996 992 1059 creatum,

188 1091 259 1152 Nec
284 1088 370 1151 videt
394 1087 426 1149 in
445 1109 521 1150 vcra
544 1087 663 1154 nullum
684 1087 758 1151 fore
777 1099 881 1152 morte
897 1086 993 1150 alium
1012 1108 1063 1150 se:

190 1190 256 1270 Qui
279 1189 382 1272 possit
404 1187 497 1251 vivus
517 1188 578 1253 sibi
597 1210 629 1252 se
651 1189 762 1272 lugere
783 1200 1001 1272 peremptum,

190 1297 346 1377 Stansque
369 1291 520 1354 iacentem
543 1311 575 1354 se
595 1289 732 1354 lacerari
753 1291 844 1355 urive
866 1292 990 1356 dolere.
1247 1294 1309 1356 900

189 1396 271 1457 Nam
295 1394 321 1456 si
343 1393 375 1456 in
396 1404 499 1458 morte
524 1392 668 1456 malumst
689 1392 779 1456 unalis
802 1415 973 1479 morsuque
997 1394 1137 1458 ferarum

192 1495 360 1570 Tractari,
385 1516 449 1560 non
467 1494 613 1570 invenio,
637 1497 693 1579 qul
715 1516 781 1560 non
800 1495 840 1558 sit
862 1497 1012 1559 acerbum

190 1598 324 1684 Ignibus
346 1595 529 1678 impositum
554 1596 665 1659 calidis
688 1608 869 1661 torrescere
891 1597 1024 1660 flaminis

191 1704 258 1764 Aut
282 1700 314 1762 iu
338 1699 429 1761 melle
455 1685 547 1760 situm
570 1696 723 1762 suffocari
745 1710 840 1784 atque
862 1699 970 1784 rigere

192 1802 352 1886 Frigore,
376 1821 474 1885 quom
494 1821 616 1863 summo
640 1798 739 1882 gelidi
761 1802 856 1863 cubat
877 1821 1018 1886 aequore
1041 1802 1128 1878 saxi,
1249 1805 1310 1867 905

192 1903 355 1988 Urgerive
375 1922 511 1984 superne
535 1900 688 1965 obtritum
710 1904 854 1984 pondere
878 1915 995 1968 terrae.

258 2007 368 2079 „Nam
390 2004 451 2066 iam
474 2025 539 2068 non
559 2006 672 2066 domus
691 2001 828 2084 accipiet
848 2016 878 2067 te
900 2005 980 2068 laeta
999 2026 1100 2091 neque
1119 2029 1204 2072 ιικοο

195 2110 363 2190 „Optuma
385 2128 444 2170 nec
467 2105 574 2168 dulces
599 2116 772 2169 occurrent
797 2107 905 2170 oscula
929 2108 1015 2170 natei

194 2208 414 2292 „Praeripere
438 2218 468 2270 et
492 2204 588 2269 tacita
611 2218 722 2290 pectus
744 2207 909 2272 dulcedine
931 2221 1075 2293 tangent.

154 2393 155 2398 ἵ
196 2315 299 2388 „Non
320 2309 445 2393 poteris
468 2308 562 2372 factis
583 2308 775 2374 florentibus
798 2332 882 2386 esse,
906 2311 1031 2397 tuisque
1251 2316 1313 2380 010

196 2412 439 2491 „Praesidiumz
463 2411 580 2475 misero
601 2411 744 2475 misere''
768 2411 853 2475 aiunt
877 2413 1011 2488 „omnia
1033 2415 1149 2478 ademit

196 2521 294 2592 „Una
313 2516 379 2579 dics
396 2515 512 2578 infesta
535 2512 597 2577 tibi
619 2525 669 2578 tot
690 2513 832 2596 praemia
853 2514 972 2580 vitae.'’

195 2620 279 2687 Illud
302 2618 333 2680 in
355 2617 405 2681 his
428 2619 524 2681 rebus
542 2638 607 2682 non
630 2619 766 2682 addunt:
800 2620 896 2694 „Nec
918 2617 977 2681 tibi
1000 2639 1108 2684 carum

249 2839 308 2886 892.
324 2837 401 2884 Vicus
410 2839 440 2884 E.
451 2839 479 2884 C.
487 2839 555 2887 Bria.
564 2840 593 2882 A.
603 2839 632 2883 l..
643 2840 673 2884 H.
682 2839 753 2884 Eich.
764 2865 797 2875 --
808 2841 882 2886 ιιιιίιιε
893 2843 952 2890 Ver.
966 2863 995 2874 ·-
1005 2843 1138 2887 unueVen.
1147 2842 1191 2888 Ar.
1200 2843 1229 2889 P.
1238 2845 1311 2889 Wak.

197 2908 257 2956 891.
276 2909 387 2954 vindicat
398 2911 427 2952 L.
454 2909 489 2952 lb.
501 2907 580 2952 hilum
593 2910 652 2953 Cdd.
666 2906 690 2954 3.
709 2911 781 2958 Walt.
799 2916 823 2954 et
838 2925 904 2956 meus
920 2911 948 2956 C.
966 2912 1034 2956 Brit.
1052 2913 1096 2956 Ar.
1114 2913 1173 2957 Her.
1194 2934 1224 2948 -
1242 2915 1313 2958 illum

196 2980 226 3026 E.
238 2981 297 3023 Ver.
335 2976 395 3024 095.
414 2977 479 3022 illud
493 2978 522 3021 1..
536 2978 565 3022 ll.
577 2978 619 3021 W.
639 2998 672 3011 ——
691 2979 763 3022 illum
778 2980 838 3025 cod.
856 2981 929 3024 etiarn
948 2982 976 3026 C.
991 2982 1021 3026 E.
1036 2981 1096 3026 Edd.
1108 2987 1164 3028 vett.
1180 2988 1209 3029 A.
1228 2984 1265 3039 (ιο
1276 2982 1314 3027 dt·

196 3047 258 3093 sidu
276 3049 359 3104 iprum
378 3074 388 3084 ·
407 3073 416 3082 -
435 3060 557 3105 eorpore;
576 3053 602 3090 ot
616 3047 688 3090 illum
705 3049 746 3093 W.
764 3047 867 3107 suspic.)
923 3047 981 3098 900.
1002 3064 1029 3094 se
1054 3053 1121 3096 deest
1144 3053 1168 3095 in
1193 3045 1314 3110 pleitsque

197 3119 268 3162 libris
288 3119 369 3173 (etium
383 3119 406 3161 in
419 3115 477 3172 E.),
500 3121 595 3172 praeter
613 3116 713 3161 cantab.
728 3123 751 3162 et
763 3120 877 3164 incuan.
898 3119 994 3165 Primus
1007 3122 1108 3166 inseruit
1118 3123 1159 3165 At.
1172 3121 1202 3167 P.
1213 3128 1264 3168 tum
1271 3124 1313 3167 W.

199 3207 233 3222 -·
250 3201 296 3230 nee
314 3187 364 3230 Iac.
384 3187 460 3231 lunta.
477 3188 507 3230 A.
525 3186 554 3230 1..
572 3187 601 3230 tt.
622 3210 655 3226 ·.-
673 3187 745 3231 illum
759 3189 809 3235 loc.
827 3189 923 3233 volebat
942 3190 1019 3234 Bentl.
1045 3191 1081 3238 lb.
1095 3190 1181 3234 dolere
1197 3190 1226 3236 C.
1243 3205 1257 3235 a
1275 3205 1310 3246 pr.

197 3271 278 3301 tnauu.
303 3256 371 3303 Pius.
395 3256 482 3301 Lumb.
502 3257 575 3312 Seqq.
606 3277 643 3302 -.
673 3255 757 3301 dolore
776 3241 918 3303 Cdd.⁸cett.
939 3260 975 3307 lu.
999 3261 1029 3303 A.
1086 3256 1144 3305 901.
1164 3261 1216 3304 iura
1235 3262 1314 3306 Bentl.

200 3324 259 3372 901.
280 3327 342 3369 mole
361 3326 405 3370 Ar.
416 3325 445 3368 P.
458 3325 594 3380 Xenophon
607 3323 637 3368 ll.
650 3323 694 3370 Gr.
707 3323 735 3381 5,
752 3323 765 3370 3
774 3360 780 3382 ,
797 3325 838 3373 19.
853 3329 881 3372 de
894 3327 1034 3387 Agesipoli:
1053 3326 1112 3377 Καὶ
1130 3325 1243 3390 ἐκεῖνος
1260 3327 1315 3393 μὲν

198 3393 231 3444 ἐν
249 3392 345 3459 μέλιτι
362 3390 455 3455 τεθεὶς
477 3392 530 3443 καὶ
546 3391 701 3456 κομισθεὶς
725 3391 826 3445 οἴκαδε
849 3389 937 3456 ἔτυχε
961 3396 1013 3462 τῆς
1030 3394 1188 3462 βασιλικῆς
1205 3395 1311 3461 ταφῆς.

198 3480 222 3512 ιι.
238 3462 296 3512 905.
314 3469 338 3510 et
353 3462 412 3510 906.
433 3465 625 3520 transponendos
648 3464 762 3510 censebat
783 3467 862 3510 Bentl.
888 3468 1014 3511 immemor
1031 3481 1055 3512 v.
1074 3483 1097 3512 c.
1118 3468 1210 3512 Nicolai
1228 3469 1315 3512 Darna·

198 3537 263 3582 sceui
278 3533 374 3591 p..215.
392 3535 475 3579 Corui.
505 3529 617 3604 Φρύγες
635 3529 673 3583 ου’
690 3530 909 3605 κατορύττουσι
926 3531 999 3596 τοὺς
1017 3535 1104 3605 ἱερεῖς
1121 3532 1316 3600 τελευτήσαν-

198 3621 266 3668 τας,
292 3599 354 3654 ἀλλ’
377 3601 424 3653 ἐπὶ
447 3599 550 3664 λίθους
573 3600 758 3667 δεκακήχοας
781 3601 915 3653 τιθέασιν
937 3600 1058 3675 ὀρθούς.
1113 3603 1172 3654 905.
1197 3620 1269 3664 quom
1288 3608 1315 3650 tn

200 3679 295 3734 Vulgo,
316 3677 387 3719 etiam
402 3679 485 3718 contra
502 3673 531 3717 C.
545 3672 576 3718 Ε.
624 3671 683 3718 906.
702 3673 820 3717 obtritum
834 3674 879 3718 Au.
895 3675 926 3719 P.
943 3676 972 3718 ll.
994 3677 1034 3722 W.
1056 3699 1089 3708 -
1107 3675 1224 3719 cortitum
1235 3677 1313 3722 Codd.

199 3744 244 3808 (C.
253 3743 430 3802 E.)Edd.vett.
451 3763 480 3774 -
500 3742 631 3800 abruptum
641 3743 711 3787 nou.
730 3764 759 3774 ·-
773 3744 908 3799 (operirem
920 3745 974 3798 W.)
1013 3742 1070 3790 907.
1084 3743 1138 3788 lum
1148 3746 1234 3789 iomC.
1243 3745 1315 3788 t.-

200 3816 232 3860 At
246 3816 298 3858 ιάιιι
312 3815 356 3858 Av.
367 3813 468 3858 -Ηον,
495 3810 560 3857 Nom
576 3813 628 3854 ium
644 3812 705 3857 Cod.
719 3809 742 3856 1.
754 3813 797 3856 W.
814 3812 909 3870 Reliqui
924 3819 1036 3869 corrupte
1052 3827 1074 3859 v.
1093 3830 1114 3859 c.
1131 3815 1225 3858 emtam
1242 3815 1314 3858 vind.

197 3890 313 3949 (ιιιιιιιαιιι
326 3883 394 3927 Brit.
405 3887 455 3928 cet.
498 3879 557 3926 910.
568 3877 652 3939 sertia
665 3881 816 3944 florentibus
832 3883 861 3929 A.
881 3903 916 3914 ·-
927 3878 998 3940 sacti
1006 3883 1038 3946 fl.
1056 3885 1133 3929 Godd.
1152 3885 1224 3928 etiam
1239 3884 1268 3928 C.
1284 3883 1316 3927 E.

209 3954 271 3998 Edd.
283 3956 341 3997 velt.
360 3975 393 3986 -
404 3948 531 4010 sotirAv.
543 3949 573 3995 P.
594 3975 626 3985 -
637 3948 722 4010 sectis
735 3951 781 3996 tibi
791 3948 907 4010 fortibus
920 3952 1005 3996 Larnb.
1025 3957 1089 3998 coni.
1105 3954 1164 3998 flav.
1203 3952 1262 4000 911.
1283 3953 1318 3996 ltu

202 4020 645 4076 Codd.Edd.vett.—Proesi‹lt'um‚
662 4022 919 4076 antemomr'eerAv.
932 4023 962 4066 P.
974 4023 1004 4067 A.
1026 4045 1054 4055 -
1074 4020 1207 4068 Praesidio
1222 4024 1316 4076 mirer,

200 4108 215 4139 o
230 4090 275 4148 (ιιΙι
284 4092 376 4142 Bentl.)
392 4089 469 4132 miser
481 4091 511 4134 1..
524 4091 554 4136 ll.
593 4089 651 4137 911.
672 4093 708 4136 lta
723 4092 799 4136 Codd.
813 4088 836 4137 3.
851 4089 924 4150 (Edd.
936 4097 994 4137 vett.
1006 4092 1035 4137 C.
1052 4105 1137 4136 rerum
1152 4105 1228 4149 super
1243 4090 1318 4148 inuit)

201 4176 287 4208 rerum
305 4173 382 4217 reaper
399 4157 492 4203 incidet
503 4161 553 4206 ·Av.
566 4160 595 4204 P.
607 4161 636 4204 A.
657 4181 691 4193 -
708 4160 802 4206 insidet
818 4175 903 4208 rerum
922 4162 1026 4219 increper
1044 4162 1072 4206 L.
1088 4162 1147 4206 llur.
1159 4163 1212 4205 Cfr.
1223 4175 1246 4206 v.
1257 4157 1316 4206 931.

202 4231 261 4280 917.
282 4232 345 4275 lecto
360 4229 398 4272 Pii
414 4229 477 4276 coni.
493 4228 523 4272 ab
539 4243 586 4274 uno
599 4231 688 4274 Codice
698 4229 801 4276 finanus.
814 4231 844 4275 A.
859 4232 901 4280 W.
922 4253 954 4265 -
978 4233 1027 4275 leto
1043 4231 1118 4274 Codd.
1136 4231 1177 4286 (C.
1194 4230 1237 4285 E.)
1256 4231 1317 4274 Edd.

199 4309 256 4351 tell.
269 4302 312 4346 Ae.
322 4324 354 4334 —
364 4299 422 4344 ilat.
434 4297 479 4342 clr.
491 4310 514 4342 t.
528 4295 585 4344 923.
606 4323 637 4332 -
656 4301 705 4344 leto
720 4302 755 4346 sic
774 4301 938 4356 explicandum
955 4305 1031 4344 esset:
1052 4305 1097 4354 „ut
1115 4300 1212 4358 (semel)
1230 4313 1257 4344 es
1276 4300 1318 4344 leti
