2964 4814
228 205 292 272 tto

233 365 324 428 Haec
346 381 443 445 quom
466 359 554 443 legas
576 368 629 432 tn,
652 357 755 420 bellus
776 355 829 420 ille
852 366 883 420 et
906 356 1043 420 urbanus

129 455 133 460 ’
234 460 383 536 Suffenus
405 478 486 521 unus
507 452 726 538 caprimulgus
748 463 802 516 ant
822 453 932 516 fossor

232 557 359 618 Rursus
381 554 531 618 videtur:
554 560 674 616 tautum
698 551 853 615 abhorret
874 569 912 612 ac
934 559 1046 612 inritat.

233 657 308 720 Hoc
330 654 406 739 quid
427 663 573 736 putemus
596 649 691 714 esse?
714 649 770 734 qui
793 653 1041 725 molosorum,

231 758 300 820 Aut
322 756 349 818 si
370 753 446 839 qnid
466 755 526 816 liae
547 773 583 815 re
604 751 708 814 tritius
731 750 920 827 videbatur,

231 857 319 920 Idem
342 854 481 918 infaceto
504 864 552 916 est
573 851 741 916 infacetior
762 871 860 926 rure,

235 956 336 1019 Simul
357 956 503 1037 poemata
526 953 651 1037 attigit:
675 971 778 1038 neque
799 953 880 1017 itletn
904 975 1039 1039 unquam

232 1060 348 1139 Aeque
370 1066 418 1118 est
440 1057 552 1120 beatus
575 1076 613 1118 ac
635 1056 750 1136 poema
772 1076 870 1137 qtrorn
892 1055 1020 1118 scribit:

193 1180 196 1188 ·
233 1161 314 1220 'l'am
338 1159 454 1241 gaudet
474 1155 505 1218 in
529 1177 564 1219 se
586 1167 714 1240 tamque
737 1157 860 1238 seipse
883 1155 1027 1220 miratur.

231 1257 387 1320 Nimirum
409 1255 492 1319 idem
514 1277 622 1321 omnes
644 1255 784 1320 fallimur
806 1277 909 1340 neqtte
933 1268 981 1321 est
1003 1256 1194 1342 quisquam,

232 1359 333 1438 Quem
356 1378 419 1420 nou
441 1356 474 1420 in
496 1347 599 1440 aliqua
621 1377 657 1420 re
679 1357 788 1420 videre
811 1359 974 1420 Suffenum

231 1458 355 1525 Possis.
399 1458 483 1522 Suus
506 1456 646 1542 quoique
669 1458 838 1522 attributus
861 1469 909 1522 cst
931 1480 1041 1522 error:

232 1561 295 1623 Sed
316 1580 380 1624 non
405 1558 564 1636 videmus,
589 1557 740 1621 ma‘nticae
763 1562 850 1642 qriod
872 1557 902 1621 in
925 1569 1019 1644 tergo
1042 1571 1101 1622 est.

584 1765 587 1772 ,
683 1743 786 1806 vut.
809 1745 894 1822 (u.)

293 1867 359 1929 lam
384 1886 441 1929 ver
463 1863 607 1949 egelidos
629 1863 731 1927 refert
752 1875 900 1946 tepores,

231 1967 298 2029 lam
320 1965 401 2030 caeli
421 1966 515 2029 furor
536 1965 774 2050 aequinoctialis

229 2068 381 2131 Iocnndis
404 2067 547 2148 Zephyri
569 2066 686 2128 silescit
708 2067 805 2129 auris.

231 2169 433 2252 Linquentnr
454 2167 611 2251 Phrygii,
636 2165 780 2244 Catulle,
797 2168 906 2251 campi

229 2269 432 2352 Nicaeaeque
454 2289 531 2351 ager
552 2271 632 2332 uber
654 2282 837 2334 aestuosae:

229 2372 284 2432 Ad
306 2369 407 2432 claras
431 2369 529 2432 Asiae
552 2370 697 2434 volemus
720 2370 817 2435 unlus.

227 2471 295 2531 Iam
319 2493 407 2534 :nens
429 2470 671 2552 praetrepidans
695 2484 767 2534 avet
790 2471 919 2554 vagari:

227 2571 294 2633 lan:
318 2571 393 2642 laeti
414 2571 520 2635 studio
542 2575 641 2651 pedes
664 2572 843 2656 vigescunt.

228 2671 258 2734 Ο
283 2674 390 2734 dulces
413 2671 564 2735 comitum
589 2675 692 2736 valete
714 2684 847 2747 coetus,

227 2774 346 2853 Longe
369 2793 451 2856 quos
475 2772 607 2836 simula
630 2776 726 2838 ‹lomo
751 2776 919 2855 proiectos

231 2873 370 2936 Dives-sc
394 2872 499 2934 variae
524 2873 593 2936 viae
616 2879 799 2957 reportant!

698 3042 763 3103 IX.
801 3041 854 3103 et.

305 3187 331 3237 χ
388 3157 633 3222 SECULARE
657 3043 945 3228 ΟΑΒΜ(ΕΝ)ΑΙ)
969 3163 1174 3228 ΒΙΑΝΑΜ.

315 3285 335 3310 ·’
415 3275 537 3342 Dianae
559 3279 666 3342 s'tuuus
689 3280 718 3341 in
741 3279 825 3353 lide,

352 3379 484 3448 Puellae
506 3390 538 3440 et
559 3379 652 3460 pueri
675 3380 810 3462 integri:

351 3479 520 3556 Βίαηαιη,
542 3481 645 3563 pueri
667 3481 796 3564 integri

351 3581 545 3666 Puellaeque
567 3603 729 3646 canamus.

415 3683 446 3746 O
468 3681 625 3756 Latonia,
651 3682 778 3748 maximi

353 3785 478 3868 Magna
500 3783 672 3865 progenies
694 3783 802 3855 Iovis,
831 3807 834 3812 ·

244 3931 248 3938 .
351 3886 453 3964 Quem
477 3896 577 3946 mater
598 3905 701 3966 prope
724 3885 848 3948 Deliam

349 3984 522 4068 Deposivit
545 3985 697 4059 olivam:

414 4086 575 4151 Montium
597 4087 723 4152 domina
745 4100 779 4152 ut
798 4091 888 4153 sores

350 4185 571 4270 Silvarumque
594 4189 763 4253 virentium
