2964 4814
129 389 309 451 Fortunata
331 407 402 456 meo
425 386 452 448 si
474 407 536 470 qua
558 408 591 450 es
615 388 775 451 celebrata
796 387 926 454 libello!

197 487 357 551 Carmiua'
370 499 465 553 erunt
484 488 608 551 formae
630 499 681 553 tot
699 501 906 552 monumenta
927 499 1023 554 tuae:

73 627 78 630 -
130 591 214 652 Nam
229 608 340 672 ,neque
363 588 567 666 Pyramidum
590 600 733 670 asumptus
755 591 795 651 ad
817 588 921 652 sidera
943 589 1047 664 ducti,

162 687 167 696 ’
197 691 267 752 Nec
288 687 378 751 lovis
400 689 473 752 Elei
495 690 616 752 caelum
638 688 757 753 imitate
779 691 911 764 domus,

132 791 206 853 Nec
228 789 388 854 Mausolei
410 790 498 868 diues
519 789 650 853 fortuna
673 790 813 872 sepulcri

198 891 319 955 Mortis
342 893 384 953 ab
404 903 546 953 extreme
564 889 755 954 vconditione
777 901 904 953 vacant.

133 992 286 1068 Autillis
307 992 431 1054 flamma
453 1002 507 1054 eut
527 991 630 1054 imber
652 992 807 1054 subducet
828 992 987 1067 honores3

199 1093 368 1155 Annorum
392 1102 445 1153 aut
466 1090 533 1154 ictu
553 1093 697 1172 pondera
720 1089 806 1153 vieta
828 1103 945 1168 ruent:
1027 1172 1030 1177 Ι

134 1194 185 1257 At
205 1213 270 1256 non
292 1189 421 1275 ingenio
444 1191 619 1275 quaesitum
641 1211 758 1253 nomen
781 1193 821 1253 ab
844 1213 925 1254 aevo

201 1293 364 1356 Excidet:
386 1291 517 1376 ingenio
539 1302 601 1355 stat
622 1289 690 1354 siue
713 1302 815 1354 morte
837 1294 948 1356 decus.

412 1477 492 1540 Les.
516 1474 701 1555 111.a(1v.)
724 1475 903 1538 ELEGIA
925 1476 974 1538 ΙΙ.

77 1645 81 1648 .
135 1595 239 1658 Visus
259 1615 345 1657 eram
369 1593 458 1658 molli
478 1595 634 1658 recirbaus
656 1591 823 1657 Heliconis
844 1593 879 1656 in
898 1595 1030 1668 umbra,

203 1694 469 1776 Bellerophontei
491 1714 554 1777 qua
574 1693 645 1756 fluit
665 1695 782 1756 humor
803 1694 896 1776 equi,

138 1798 269 1880 Reges,
294 1797 397 1870 Alba,
422 1806 496 1857 turos
518 1806 550 1858 et
571 1815 685 1877 regum
708 1793 793 1856 facta
814 1805 962 1870 tuorum,

204 1899 339 1959 Tantum
363 1895 489 1976 operis,
515 1895 623 1974 nervis
644 1897 769 1958 hiscere
791 1915 887 1976 posse
910 1892 1005 1956 meis:

139 2000 312 2081 Parvaque
333 2008 396 2058 tam
418 1995 539 2079 maguis
562 1998 722 2058 admoram
744 1994 986 2068 lontibusora,

206 2099 298 2162 Unde
319 2109 412 2179 pater
433 2096 543 2159 sitiens
564 2095 687 2158 Ennius
708 2107 784 2158 ante
804 2095 905 2170 bibit,

139 2201 185 2264 Et
207 2197 308 2260 cecini
328 2195 448 2260 Curios
469 2196 586 2259 iratres
609 2207 642 2258 et
663 2194 800 2259 Horatia
822 2195 905 2276 pila,

205 2299 372 2382 Regiaque
395 2296 531 2360 Aemilia
554 2307 645 2358 uecta
666 2307 800 2376 tropaea
820 2307 909 2370 rate3

140 2397 369 2482 victricesque
390 2417 497 2461 moras
519 2397 611 2459 Fabii
631 2417 833 2480 pugnamque
855 2395 1013 2459 sinistram

207 2499 405 2563 Cannensem
429 2510 460 2560 et
481 2518 595 2561 versos
618 2498 658 2558 ad
679 2496 731 2579 pia
752 2500 952 2570 uota.deos;

140 2600 420 2688 Hannibalemque
442 2599 546 2660 Lares
567 2600 713 2662 Romana
735 2599 997 2681 seilefugantes,

136 2839 188 2871 ens
206 2822 331 2868 Marcius.
367 2821 457 2867 Postea
473 2821 505 2883 Q.
524 2820 640 2884 Marcius
657 2823 712 2870 Rea
727 2825 756 2868 iu
769 2830 912 2881 practura,
932 2835 1071 2882 rursusque
1090 2824 1201 2874 restituit
1216 2823 1256 2874 M.

136 2894 267 2954 Agrippa.
321 2888 362 2936 53.
382 2897 460 2950 grate
481 2905 536 2934 eum
555 2893 615 2936 cdd.
636 2893 684 2937 lec.
705 2892 753 2936 Le.
772 2915 805 2926 -
824 2905 887 2936 curu
904 2893 995 2950 Vulgo.
1017 2895 1050 2928 -‘
1069 2906 1132 2956 rnre
1150 2893 1211 2938 Cod.
1233 2893 1258 2939 1.

139 2962 237 3008 Nobbe.
292 2957 335 3005 57.
363 2960 398 3002 De
416 2963 467 3002 toto
485 2959 509 3003 b.
532 2961 549 3003 l.
572 2963 668 3018 egregie
687 2959 931 3016 disputat‘Wyttenb.
951 2960 1017 3004 Bibl.
1037 2961 1101 3005 Crit.
1127 2958 1162 3018 3,
1183 2960 1208 3008 4.
1234 2977 1259 3018 p.

141 3027 185 3077 50.
202 3033 289 3076 ronta
313 3029 498 3082 interpolatores
518 3029 630 3074 Batauos.
650 3031 733 3072 Burin.
751 3030 805 3072 scil.
825 3029 930 3072 malebat
949 3042 973 3073 v.
995 3025 1037 3074 57.
1058 3037 1154 3075 mentes
1172 3043 1194 3074 v.
1216 3027 1258 3076 62.

139 3099 249 3144 llroukb.
273 3101 341 3140 aeter.
358 3097 441 3140 Burin.
459 3094 589 3154 pendam
610 3099 638 3140 de
657 3098 743 3154 quibus
756 3097 896 3141 commentis
913 3098 945 3140 ita
961 3096 1086 3151 Wytteub.
1106 3099 1259 3153 pronuntiat:

141 3167 205 3222 „llis
227 3167 251 3208 in
276 3163 386 3210 wsibrs
410 3177 482 3220 quum
497 3166 577 3208 oannis
594 3167 642 3209 sint
655 3166 726 3220 plena
743 3171 766 3210 et
783 3179 797 3208 a
814 3165 936 3220 prioribus
957 3166 994 3208 vel
1014 3168 1083 3210 terite
1104 3167 1204 3221 probatu
1223 3170 1261 3210 vet

135 3237 229 3280 diserte
250 3233 362 3288 explicita
386 3227 558 3286 interpretibus
577 3233 670 3278 Graece
699 3235 860 3287 doctissimis,
887 3231 1014 3290 scaligero
1034 3236 1135 3278 maxime
1158 3240 1182 3279 et
1206 3233 1262 3278 Mu·

139 3309 215 3358 reto3
234 3302 383 3358 posteriores
401 3300 527 3354 nonulli,
559 3303 645 3356 stipsi
666 3302 777 3345 versibus
800 3303 929 3360 pangendis
957 3303 1019 3345 nacti
1042 3316 1128 3346 nornen
1146 3303 1262 3358 pretium·

140 3385 189 3430 que
208 3372 307 3425 po'etae,
324 3369 442 3426 quaedam
456 3370 594 3414 desiderare
610 3375 755 3424 coeperunt,
775 3370 947 3429 elegantissimi
970 3371 1066 3425 quidem
1089 3371 1124 3414 illi
1151 3371 1262 3414 homines

140 3439 250 3498 ingenii,
277 3438 319 3482 aed
342 3437 425 3480 iudicii
443 3436 540 3502 fastidio
558 3439 664 3492 decepti,
690 3451 733 3481 nee
748 3439 803 3495 quid
823 3439 867 3481 boc
886 3437 909 3480 iu
928 3437 1050 3491 Propertii
1068 3439 1122 3480 locu
1141 3439 1262 3482 desidera·

140 3508 208 3561 (υἱ,
228 3507 249 3550 si
268 3505 361 3550 Graeca
378 3507 525 3562 cogitassent
541 3506 650 3562 exempla
665 3507 788 3563 magisque
809 3509 972 3560 spectassent,
992 3504 1047 3560 quid
1069 3505 1110 3547 illa
1131 3505 1199 3548 unice
1222 3517 1262 3548 se·

141 3575 225 3633 quenti
244 3576 329 3629 poetae
353 3575 432 3617 dicere
454 3573 565 3627 licuerit,
586 3587 656 3630 quem
671 3575 727 3630 quid
745 3575 791 3628 ipsi
808 3574 860 3617 sris
882 3574 906 3616 in
921 3573 1036 3616 versibus
1060 3572 1106 3616 sibi
1123 3572 1197 3616 licere
1218 3584 1262 3626 pu-

142 3643 222 3688 tent.”
278 3639 319 3686 6⁰.
339 3647 412 3686 uacat
428 3641 488 3699 leeg.
509 3653 556 3686 non
575 3643 679 3697 improb.
701 3643 749 3686 lue.
801 3657 803 3660 ·

512 3779 567 3826 las.
587 3781 632 3826 ill.
652 3780 720 3840 (lv.)
755 3782 851 3827 ELE‘G.
871 3783 903 3826 ll.

200 3904 225 3951 l.
244 3907 316 3961 „Qua
340 3903 374 3952 Β,
407 3903 524 3948 Aemilius
535 3905 635 3950 Paullus
648 3907 817 3952 Macedonicus
832 3911 887 3960 post
897 3905 1024 3948 victoriam
1038 3905 1068 3948 de
1086 3904 1162 3950 Perse
1174 3919 1264 3962 repor-

143 3981 219 4022 tatam
237 3973 338 4017 Romam
354 3984 467 4018 reversus
487 3985 530 4028 per
549 3973 658 4018 'l'ibsrim
672 3976 800 4034 navigavit.
826 3973 880 4018 Lis.
898 3970 944 4027 45,
965 3969 1023 4018 352*
1041 3973 1114 4018 Kuin.
1148 3974 1265 4020 Ceterum

143 4043 228 4089 cecini
245 4041 379 4095 suspicatus
398 4044 435 4084 est
453 4041 538 4086 lacobs
556 4039 714 4090 Blumsnlere
735 4057 760 4098 p.
781 4039 840 4088 205.
863 4043 930 4096 ideo,
956 4043 1011 4098 quie
1027 4044 1067 4099 qui
1084 4043 1123 4086 hic
1144 4043 1263 4102 signifiea-

145 4119 186 4158 tur
203 4110 293 4154 Perses
314 4107 446 4152 debellatus
464 4114 501 4154 est
520 4111 615 4154 demum
637 4127 663 4157 a.
682 4127 707 4157 u.
725 4125 748 4156 c.
769 4109 828 4158 586.
849 4123 911 4154 mano
930 4123 976 4152 uno
994 4115 1049 4166 post
1066 4111 1137 4156 Ennii
1157 4111 1263 4167 obitum,

144 4194 190 4226 nec
210 4179 284 4237 igitur
314 4179 394 4221 locum
409 4176 498 4222 babere
518 4180 595 4232 putuit
613 4180 665 4225 eius
688 4180 830 4225 rei·meutio
852 4179 876 4222 in
900 4178 1008 4222 eiusdem
1026 4180 1169 4226 Annalibus.
1189 4181 1264 4225 ltere·

143 4251 179 4305 pit
197 4247 280 4291 cecini
295 4243 344 4292 L2.
372 4244 453 4291 cut:
473 4269 506 4282 ·-
525 4247 625 4293 recinit.

192 4328 283 4382 Eelogse
296 4326 340 4368 tm
349 4325 406 4367 rut.
1055 4329 1094 4394 11
