2964 4814
241 211 302 274 tto

239 379 283 422 tes
301 377 384 422 trane
409 367 580 440 Euphratem
610 377 638 420 et
666 369 866 440 propemodum
885 376 1045 424 rmiversam
1066 375 1166 426 Asiam
1189 375 1364 436 -Sardes

239 479 332 536 usque
349 471 379 517 et
397 461 566 536 Ephesum,
588 462 614 516 si
633 458 707 518 fides
723 459 855 518 Eusebio
874 463 1000 520 haicano
1019 465 1102 522 Maii.
1116 464 1183 523 Lib.
1200 467 1224 525 l.
1246 487 1276 544 p.
1294 475 1362 531 186.

238 555 356 608 Βασίας
377 555 494 625 proeliis
511 554 642 606 Seleucus
662 560 691 606 iu
713 555 807 627 Lydia
825 561 977 608 victoriam
998 566 1099 614 nastris
1119 568 1180 626 est,
1193 566 1243 618 ¹itu
1262 571 1361 617 tamen

238 656 270 700 ut
292 666 377 718 neque
398 647 505 700 Sardes
533 656 644 713 cuperet
671 665 756 718 neque
783 646 938 718 Ephesum,
968 668 1051 720 quam
1071 651 1166 704 urbem
1184 652 1364 708 Ptolemaeus

233 739 377 811 praesidio
396 739 547 793 insidebat.
581 767 619 780 -
646 738 822 792 Ptolemaeus
846 759 935 806 vero,
955 747 1002 812 ιμιι·
1025 753 1054 794 et
1077 743 1230 815 Tryphon,
1254 748 1362 819 Syriae

236 837 369 901 regiones
396 850 457 883 cum
486 833 629 882 Damasco
657 837 820 899 occupavtsv
837 832 1052 905 Orthosiamque
1084 837 1227 890 obsidione
1249 845 1360 906 cinxit,

236 943 305 995 qreae
321 923 429 995 peridem
455 924 549 975 solieta
567 932 610 974 est
629 927 690 982 13't.
740 925 919 1001 Olympiadis
938 944 1013 978 anuo
1031 932 1126 984 tertio.
1149 930 1189 993 (i.
1202 948 1228 986 e.
1245 931 1311 990 2211.
1326 951 1358 989 a,

237 1015 324 1082 Chr.)
376 1015 458 1086 Quin
485 1026 515 1071 et
546 1015 735 1072 Ptolemaeus
774 1019 838 1091 ipse
869 1017 1110 1094 magnificentius
1138 1025 1227 1079 etiam
1257 1022 1293 1080 de
1325 1043 1360 1080 se

235 1108 370 1184 loquitur
386 1109 417 1164 in
433 1106 671 1164 celebratissima
686 1108 736 1164 illo
749 1109 945 1168 Monumento
959 1113 1122 1170 Adulitano
1141 1135 1156 1170 a
1181 1115 1289 1174 Cesum
1302 1117 1359 1174 In-

235 1201 418 1274 dicopleuste
437 1210 568 1256 servato.
590 1219 619 1256 v.
636 1199 800 1258 Buttmann
815 1202 952 1260 Muscam
963 1204 1017 1260 der
1027 1206 1158 1264 Alterth.
1175 1207 1270 1265 Wiss.
1284 1216 1355 1278 2,1.

235 1313 265 1368 p.
288 1297 352 1353 161.
382 1289 530 1357 Βασιλεύς
554 1292 651 1371 με’γας
676 1295 866 1373 Πτολεμαῖος
892 1294 959 1361 υἱὸς
983 1297 1134 1377 βασιλέως
1158 1301 1355 1380 Πτολεμαίου

234 1384 289 1444 καὶ
307 1387 490 1466 βασιλίσσης
505 1383 662 1463 Ἀρσινόης
674 1389 757 1446 θεῶν
770 1385 910 1464 ἀδελφῶν
924 1392 985 1448 τῶν
997 1390 1148 1469 βασιλέως
1160 1393 1357 1471 Πτολεμαίου

235 1476 289 1536 καὶ
308 1477 493 1558 βασιλίσσης
512 1477 673 1556 Βερενίκης
692 1481 775 1536 θεῶν
796 1484 942 1556 σωτήρων
963 1483 1131 1559 ἀπόγονος,
1154 1487 1196 1542 τά
1212 1488 1270 1563 μὲν
1289 1483 1354 1544 ἀπὸ

233 1568 352 1650 πατρὸς
361 1570 545 1648 Ἡρακλέους
557 1576 612 1628 τοῦ
625 1576 711 1639 Διός,
729 1567 770 1628 τά
786 1568 817 1630 δὲ
830 1569 893 1630 άπὸ
905 1569 1024 1652 μητρὸς
1037 1574 1187 1633 Διονύσου
1201 1579 1256 1635 τοῦ
1267 1581 1355 1648 Διός,

232 1662 425 1743 παραλαβών
444 1659 532 1740 παρὰ
548 1667 603 1720 τοῦ
618 1660 738 1740 πατρὸς
751 1668 807 1739 τὴν
819 1665 981 1743 βασιλείαν
993 1665 1147 1744 Αἰγύπτου
1166 1666 1221 1728 καὶ
1233 1670 1354 1742 Λιβύης
1439 1679 1445 1684 “

232 1755 287 1814 καὶ
300 1757 414 1831 Συρίας
427 1753 481 1813 καὶ
498 1755 638 1828 Φοινίκης
659 1753 713 1814 καὶ
735 1755 861 1835 Κύπρου
877 1755 932 1816 καὶ
947 1759 1064 1824 Λυκίας
1081 1757 1136 1818 καὶ
1155 1761 1278 1838 Καρίας
1297 1762 1354 1822 καὶ

231 1851 294 1907 τῶν
306 1845 476 1906 Κυκλάδων
492 1848 594 1922 νήσων
607 1849 836 1928 ἐξεστράτευσεν
852 1856 894 1914 εἰς
909 1854 965 1925 τὴν
978 1849 1080 1909 Ἀσίαν
1098 1849 1177 1930 μετὰ
1192 1851 1354 1932 δυνάμεων

231 1931 358 2010 πεζικῶν
380 1938 435 1998 καὶ
459 1942 589 1999 ἱππικῶν
611 1937 666 1998 καὶ
688 1945 835 1999 ναυτικοῦ
862 1941 972 2000 στόλου
994 1940 1049 2000 καὶ
1068 1941 1243 2018 ε’λεηάντων
1266 1958 1354 2026 Τρω-

230 2031 414 2111 γλοδυτικῶν
433 2031 488 2090 καὶ
507 2036 696 2092 Αἰθιοπικῶν
704 2077 713 2102 ‚
744 2031 798 2097 οὓς
825 2028 843 2089 ii
868 2053 901 2092 τε
926 2032 1030 2113 πατύρ
1058 2035 1155 2094 αὐτοῦ
1181 2038 1237 2096 καὶ
1255 2037 1353 2103 αὐτὸς

230 2129 350 2202 πρῶτος
375 2127 409 2184 ἐκ
434 2129 495 2184 τῶν
515 2128 629 2202 χωρῶν
656 2132 773 2184 τούτων
792 2125 967 2205 ἕθηρευσαν
986 2126 1040 2186 καὶ
1059 2130 1288 2208 καταγαγόντες
1307 2137 1351 2196 εἰς

230 2221 382 2296 Αἴγυπτον
401 2218 634 2277 κατεσκεύασαν
653 2221 821 2298 πολεμικὴν
838 2220 973 2298 ’γρείαν,
999 2222 1162 2298 κυριεύσας
1190 2221 1221 2282 δὲ
1240 2226 1295 2297 τῆς
1318 2241 1353 2281 τε

230 2309 314 2377 ἐντὸς
332 2311 501 2387 Εὐφράτου
516 2310 625 2390 χώρας
644 2311 746 2384 πάσης
770 2309 825 2370 καὶ
855 2313 993 2376 Κιλικίας
1012 2312 1067 2372 καὶ
1084 2315 1273 2393 Παμφυλίας
1292 2312 1348 2372 καὶ

226 2403 341 2469 Ἰωνίας
360 2401 415 2461 καὶ
435 2402 722 2473 τοῦ“]ι“λληοπύντου
742 2402 796 2463 καὶ
813 2411 935 2482 Θράκης
954 2405 1088 2464 καὶτῶν
1107 2403 1268 2485 δυνάμεων
1287 2409 1351 2464 τῶν

229 2498 261 2556 ἐν
280 2497 348 2560 ταῖς
361 2495 482 2576 χώραις
500 2495 629 2560 ταύταις
646 2501 755 2555 πασῶν
774 2493 829 2554 καὶ
848 2496 1025 2572 ἐλεφάντων
1041 2495 1187 2566 Ἰνδικῶν,
1206 2495 1349 2564 καὶτοὺς

227 2589 407 2668 μονάρχοις
434 2585 505 2653 τοὺς
536 2589 569 2646 ἐν
598 2588 661 2653 τοῖς
686 2588 791 2654 τόποις
816 2587 936 2654 πάντας
966 2589 1117 2662 ὑπηκόους
1144 2590 1351 2663 καταστήσας

227 2680 312 2762 διέβη
331 2678 386 2738 τὸν
405 2678 444 2738 Εἰ
452 2679 577 2759 φράτην
596 2687 754 2754 ποταμόν,
775 2679 829 2739 καὶ
846 2677 903 2754 τὴν
917 2681 1161 2760 Μεσοποταμίαν
1174 2679 1230 2740 καὶ
1241 2685 1350 2762 Βαβυ-

227 2774 342 2833 λωνίαν
362 2770 418 2832 καλ
437 2771 610 2848 Σουσιανὴν
629 2769 684 2832 καὶ
703 2771 838 2852 Περσίδα
856 2771 911 2832 καὶ
930 2771 1054 2844 Μηδίαν
1080 2770 1136 2832 καὶ
1159 2771 1215 2849 τὴν
1234 2772 1344 2850 λοιπὴν

226 2871 334 2927 πᾶσαν
361 2863 418 2931 ἕως
431 2869 630 2945 Βακτριανῆς
648 2866 697 2923 ὑπ’
719 2863 815 2924 αὐτὸν
833 2865 1042 2944 ποιησάμενος
1069 2874 1124 2924 καὶ
1149 2864 1350 2942 ἀναζητήσας

227 2956 288 3018 ὅσα
308 2957 366 3018 ὑπὸ
386 2961 447 3018 τῶν
467 2964 590 3038 Περσῶν
610 2955 679 3037 ἱερά
699 2959 730 3029 ἐξ
747 2957 900 3036 Αἰγύπτου
926 2960 1043 3036 ε’ξίγγθη
1069 2955 1124 3018 καὶ
1148 2957 1349 3037 ἀνακομίσας

225 3049 306 3131 μετὰ
325 3056 378 3127 τῆς
398 3053 491 3124 ἄλλης
510 3049 604 3129 γάζης
623 3053 678 3123 τῆς
698 3049 759 3108 ἀπὸ
778 3054 839 3110 τῶν
865 3049 966 3110 τόπων
991 3058 1033 3116 εἰς
1051 3053 1222 3129 Αἴγυπτον,
1253 3050 1349 3110 δυνά-

225 3167 291 3224 μεις
312 3144 464 3205 ἀπέστειλε
484 3141 534 3202 διὰ
552 3148 613 3202 τῶν
632 3141 831 3220 ὀρυχθέντων
849 3148 1007 3220 ποταμῶν.
1029 3173 1065 3188 -
1077 3173 1113 3188 —-
1127 3143 1252 3218 Reliqua
1273 3145 1344 3210 iam,

226 3257 302 3314 quae
332 3240 407 3294 mira
438 3247 604 3292 coiiimenta
636 3237 671 3292 de
699 3236 861 3292 Ptolemaei
890 3237 921 3291 in
940 3237 1132 3311 Aethiopiam
1155 3235 1345 3310 expeditione

230 3331 434 3406 pepererunt,
458 3341 572 3386 certum
585 3349 665 3386 nunc
682 3340 726 3386 est
737 3333 888 3404 pertinere
903 3329 939 3388 ad
958 3348 1061 3402 regem
1077 3331 1205 3405 aliquem
1218 3330 1345 3385 Aethio-

228 3427 305 3499 piae.
319 3443 347 3478 v.
358 3423 519 3479 Buttmann
531 3434 560 3478 et
569 3421 705 3478 Niebuhr
717 3423 795 3478 Mus.
808 3423 836 3477 d.
850 3421 932 3478 Alth.
950 3422 1045 3478 Wiss.
1058 3431 1092 3490 2,
1112 3429 1140 3482 ὅ.
1153 3441 1184 3496 p.
1200 3427 1341 3498 575.sqq.

225 3527 255 3572 et
274 3515 378 3572 Valclt.
398 3517 434 3575 nd
454 3536 483 3574 v.
505 3524 549 3574 11.
568 3535 598 3590 p.
615 3520 662 3574 90.
685 3515 1028 3590 Chmnpollion-Figeac.
1051 3516 1087 3570 T.
1103 3521 1131 3570 2.
1148 3534 1179 3588 p.
1200 3515 1247 3575 18.
1288 3514 1343 3570 Ille

225 3620 321 3665 autem
340 3611 396 3665 hoc
416 3611 482 3666 loco
504 3609 571 3666 ideo
595 3627 711 3684 quoque
731 3610 864 3675 inserui,
886 3619 919 3663 nt
938 3607 1083 3668 haberent
1100 3608 1252 3663 auditores
1273 3625 1346 3682 spe-

224 3705 322 3770 cimen
345 3705 494 3760 sermonis
515 3702 712 3758 Alexandrini
736 3719 761 3756 s.
785 3699 973 3756 Hellenistici
995 3710 1080 3756 extra
1100 3699 1340 3767 librossacros,

224 3798 309 3852 cuius
331 3799 451 3870 generis
477 3791 657 3870 paucissima
686 3805 867 3866 supersunt,
901 3793 992 3849 veluti
1019 3794 1111 3867 Lapis
1140 3793 1340 3861 Rosettanus,

223 3889 380 3945 Hannonis
401 3888 539 3962 Periplus
554 3886 599 3943 ed.
616 3887 695 3961 Hug.
710 3906 740 3960 p.
757 3891 803 3946 51.
830 3886 1008 3959 Fragmenta
1029 3885 1196 3942 Ezechielis
1217 3886 1343 3959 Tragici

223 3993 253 4038 et
272 3982 380 4038 similia
401 4001 429 4036 v.
449 3981 580 4038 Buechh.
603 3979 657 4036 Gr.
674 3980 766 4055 Trag.
783 3980 886 4037 Princ.
904 3979 937 4036 G.
954 3986 999 4036 12.

280 4075 363 4142 (Cir.
379 4093 459 4130 nunc
474 4074 509 4130 de
524 4085 587 4130 toto
601 4069 844 4130 hoc'dilficillimo
859 4083 1035 4149 argumento
1049 4069 1246 4128 Niebuhrium
1258 4071 1294 4127 V.
1304 4069 1338 4127 C.

223 4169 321 4220 Kleine
334 4167 400 4221 hist.
414 4185 442 4219 u.
455 4165 524 4236 pttl.
538 4165 684 4237 Schriften
698 4177 724 4224 1.
738 4186 768 4240 p.
784 4169 849 4224 229.
865 4171 962 4243 seqq.)
