2964 4814
128 381 278 446 Dedatur
297 373 416 458 cupido
438 371 619 436 iamdudum
637 379 735 452 nupta
757 364 889 430 marito.

134 481 268 548 Currite
292 481 443 542 ducentes
465 473 659 549 subtemina,
684 471 823 546 currite,
847 467 924 532 insi.

197 586 276 647 Non
297 580 384 643 illam
405 577 515 640 nutrix
536 575 654 641 orienti
674 576 745 638 luce
768 571 928 646 revisens,

130 691 296 752 Hesterno
321 682 440 746 collum
461 677 584 763 poterit
607 678 807 742 circumdare
828 675 900 740 filo.

135 787 270 854 Currite
293 788 443 848 ducentes
464 780 658 857 subtemina,
683 778 819 854 currite,
841 778 919 842 fusi.

201 888 307 953 Anxia
327 909 386 949 nec
409 898 508 948 mater
533 882 692 947 discordis
714 893 831 944 maesta
853 881 978 963 puellae

137 991 289 1056 Secubitu
313 1009 408 1051 caros
431 986 534 1048 mittet
555 1006 685 1066 sperare
707 995 853 1066 nepotes.

137 1093 271 1160 Currite
291 1095 439 1153 ducentes
461 1087 653 1162 subtemina,
678 1086 814 1162 currite,
838 1085 936 1149 susi.''

203 1194 295 1258 Talia
316 1193 496 1274 praefantes
515 1193 675 1276 quondam
698 1189 803 1252 felicia
827 1189 919 1254 Pelei

137 1297 291 1363 Carmina
314 1294 425 1358 divino
449 1293 632 1357 cecinerunt
654 1302 787 1374 pectore
810 1294 947 1356 Parcae.

138 1403 331 1466 Praesentes
352 1419 487 1482 namque
510 1408 581 1458 ante
604 1399 718 1459 domos
737 1393 875 1459 invisere
898 1407 998 1458 castas

137 1507 286 1566 Heroum
310 1512 341 1563 et
363 1522 431 1562 sese
455 1498 584 1562 mortali
605 1500 773 1562 ostendere
795 1509 889 1560 coetu

140 1604 328 1670 Caelicolae
348 1607 489 1665 nondum
511 1613 618 1683 spreta
639 1600 758 1683 pietate
781 1601 939 1664 solebant.

139 1713 243 1789 Saepe
263 1718 355 1790 pater
377 1705 487 1768 divom
508 1703 629 1785 templo
653 1703 685 1766 in
708 1703 852 1787 fulgente
872 1701 1032 1778 revisens,

139 1814 257 1875 Annua
277 1830 376 1894 quom
398 1807 488 1870 festis
512 1806 671 1869 venissent
692 1827 783 1868 sacra
807 1807 933 1882 diebus,

145 1911 326 1994 Conspexit
346 1923 433 1974 terra
456 1921 579 1971 centum
602 1929 799 1989 procurrere
822 1931 948 1971 currus.

141 2018 247 2097 Saepe
268 2036 368 2098 vagus
391 2013 493 2075 Liber
514 2010 665 2074 Parnassi
685 2011 806 2074 vertice
829 2032 951 2074 summo

141 2117 309 2196 Thyiadas
333 2114 439 2178 effusis
463 2113 583 2177 euantis
606 2112 748 2176 crinibus
771 2113 855 2197 egit:

144 2220 256 2298 Quom
277 2216 394 2297 Delphi
416 2227 486 2280 tota
509 2215 653 2277 certatim
674 2238 715 2278 cx
737 2218 816 2277 urhe
839 2227 965 2278 ruentes

141 2318 342 2400 Acciperent
361 2318 435 2382 laeti
457 2316 565 2381 divom
589 2317 784 2380 fumantibus
806 2317 883 2380 aris.

143 2425 248 2502 Saepe
267 2420 298 2482 iu
322 2420 451 2483 letifero
474 2419 550 2482 belli
571 2419 742 2483 certamine
763 2421 903 2483 Mavors

143 2527 211 2588 Aut
231 2523 339 2604 rapidi
363 2521 509 2584 Tritonis
532 2524 610 2585 hera
634 2534 685 2583 aut
710 2524 903 2585 Rhamnusia
928 2522 1024 2606 virgo

143 2629 297 2690 Armatae
316 2622 476 2686 hominum
497 2637 542 2687 est
561 2646 710 2704 praesens
733 2626 861 2687 hortata
885 2635 1043 2687 catervas.

144 2731 210 2791 Sed
228 2737 400 2810 postquam
422 2725 513 2788 tellus
535 2726 656 2788 scolere
679 2739 726 2789 est
749 2726 868 2789 imbuta
892 2727 1030 2791 nefando

144 2911 205 2954 Eam
222 2910 306 2954 reiecit
324 2913 347 2952 et
363 2911 414 2952 Ast.
434 2907 527 2961 (diviso
539 2931 549 2944 -
563 2933 572 2944 ·
582 2909 680 2964 pectine
693 2911 767 2954 Voss.
781 2911 798 2954 i.
816 2924 838 2954 e.
858 2911 945 2964 partito
965 2907 1071 2968 labore.)
1108 2907 1166 2956 387.
1188 2909 1264 2956 Codt.

144 2978 244 3024 Hereue
262 2981 298 3022 vel
318 2977 415 3022 Nereus
432 2975 479 3033 (sic
495 2978 539 3022 Ed.
555 2978 603 3032 pr.)
623 2984 646 3021 nt
665 2993 686 3022 v.
703 2976 744 3024 23.
763 2981 873 3036 quidem:
892 2978 989 3024 Nereos
1002 2982 1103 3024 salvete.
1129 2982 1188 3025 lliuc
1204 2982 1267 3038 Sigi-

146 3051 222 3094 cellus
241 3062 280 3103 ap.
299 3050 359 3094 Stat.
380 3046 490 3090 Heroum
507 3050 570 3091 coni.
592 3071 623 3080 —
643 3046 751 3104 Saepius
767 3049 1027 3108 Atdd.1)oer.Ging.‚
1043 3048 1198 3104 sedsulfirit,
1216 3051 1267 3105 opi·

145 3133 209 3169 nor,
229 3123 265 3162 ter
279 3119 407 3172 repetitum
423 3131 498 3173 euepe
518 3131 540 3161 v.
556 3114 603 3162 389
613 3149 620 3172 ,
638 3115 703 3172 392,
721 3115 780 3162 396.
836 3115 894 3163 389.
920 3121 1039 3163 renidens
1056 3121 1138 3173 Subl.,
1160 3121 1200 3164 sed
1220 3120 1266 3164 cfr.

147 3187 248 3233 Lucret.
262 3184 290 3239 2,
305 3185 364 3232 359.
384 3189 483 3240 (curce)
502 3187 592 3230 crebre
611 3188 700 3230 revicit
718 3187 752 3231 ud
769 3187 904 3232 stabulum.
961 3187 1019 3234 390.
1039 3203 1110 3247 quom
1126 3190 1187 3232 Edd.
1208 3194 1267 3233 vett.

148 3255 248 3299 Walsel.
266 3258 292 3299 ad
313 3257 387 3303 Luer.
406 3254 435 3309 2,
455 3253 513 3300 259.
534 3258 608 3299 Doer.
624 3257 676 3302 sut.
705 3281 738 3290 -
766 3256 824 3300 dum
841 3271 893 3301 curn
909 3259 996 3317 Vulgg.
1013 3259 1111 3302 laachm.
1161 3256 1220 3302 391.
1241 3259 1267 3300 ln

146 3327 226 3370 Codd.
250 3327 370 3369 nonnullis
392 3332 416 3368 et
434 3325 501 3369 Subl.
523 3329 561 3370 ed.
582 3322 679 3369 Cretrlrn
698 3339 741 3380 pro
766 3333 862 3370 centurn
869 3340 880 3380 ,¹
908 3332 956 3370 tum
977 3327 1160 3386 procumbere5
1188 3327 1268 3383 (quod

146 3396 212 3439 dedit
227 3394 337 3448 Lachm.)
371 3397 417 3438 Sed
442 3395 486 3438 hoc
505 3401 569 3438 esset
592 3396 634 3448 „in
657 3401 744 3438 terram
764 3395 908 3451 procidere”
929 3398 987 3440 satis
1007 3395 1066 3440 mird
1086 3393 1213 3440 sententil.
1233 3414 1269 3429 ··

146 3471 236 3508 tauros
258 3465 328 3507 ltali:
356 3467 440 3520 quihus
466 3465 488 3507 in
517 3469 620 3508 mentem
638 3470 737 3508 venerat
755 3467 914 3522 virgilianum
933 3469 1006 3510 illud:
1038 3465 1181 3509 Procumbit
1198 3463 1268 3506 hermi

146 3534 202 3578 bos.
224 3532 321 3579 wales.
339 3535 365 3574 ad
383 3534 456 3577 Luce.
473 3531 504 3588 2,
524 3532 583 3578 259.
604 3531 741 3589 Conspexit
765 3531 839 3578 Creut
862 3541 959 3578 centum
981 3547 1146 3591 prorumpere
1166 3547 1267 3576 currus.

147 3605 218 3660 Quod
238 3605 266 3646 ad
286 3603 352 3657 prius
373 3608 489 3646 tentamen
510 3603 607 3660 attinet,
626 3608 696 3646 terru
714 3618 770 3648 sane
790 3607 914 3648 admodum
934 3607 1045 3662 languet,
1067 3605 1107 3648 sed
1127 3617 1168 3646 nec
1183 3615 1269 3645 nomen

147 3673 288 3729 proprium,
309 3673 371 3728 quod
389 3674 519 3716 arbitratus
539 3677 575 3716 est
592 3673 632 3716 ille
641 3705 647 3726 ,
675 3674 833 3718 desideratur.
872 3675 947 3717 lrnmo
967 3675 1044 3728 possis
1063 3673 1194 3728 suspicari:
1215 3685 1270 3714 ere-

147 3749 200 3786 tum
225 3743 259 3786 ti.
274 3755 296 3785 e.
315 3743 343 3784 ad
358 3742 463 3794 calcem)
488 3749 595 3785 centum.
620 3741 774 3786 Procurrere
798 3758 891 3787 currus
920 3745 1093 3786 sollicitandum
1122 3743 1182 3786 haud
1207 3746 1268 3788 erat.

147 3813 204 3855 Val.
220 3811 301 3854 Flere.
318 3808 347 3863 6,
367 3808 425 3855 6⁹7.
446 3806 536 3868 inserto
550 3813 681 3867 procurrit
699 3814 725 3855 in
745 3814 849 3872 tigmine
868 3827 946 3856 curru
952 3825 964 3866 ;
982 3813 1067 3856 crebra
1086 3811 1197 3866 repetitio
1217 3813 1270 3855 lite-

146 3895 232 3925 rerum
258 3895 281 3924 c.
303 3885 367 3924 etr.
394 3885 501 3923 rotarum
527 3884 651 3934 strepitum
677 3883 850 3937 quodanmmdo
875 3884 964 3935 refert,
994 3887 1018 3924 ut
1041 3883 1091 3926 fere
1116 3881 1186 3924 Ennii
1211 3882 1270 3925 illud

148 3965 174 4008 p.
189 3949 248 3994 129.
266 3952 407 3994 tumultuin:
428 3947 520 4008 Africa
538 3950 648 3993 terribili
665 3952 750 3993 tremit
767 3949 872 3996 horride
891 3957 960 3994 terru
978 3952 1092 3994 tumultu.
1131 3947 1189 3996 395.
1210 3951 1273 3995 tacit

147 4046 158 4057 -
178 4046 187 4056 -
206 4018 382 4076 epumuntibus
395 4021 468 4063 Voss.
507 4017 566 4065 397.
587 4020 697 4064 Minerva
710 4021 818 4064 Tritonis
833 4024 897 4064 lacus
912 4022 1016 4064 domina.
1033 4043 1061 4052 -
1082 4018 1271 4090 Μαραθῶνος

147 4087 180 4138 δὲ
198 4085 339 4156 σταδίους
357 4083 488 4151 μάλιστα
506 4083 651 4152 ἑξήκοντα
669 4083 772 4148 α’πέχει
780 4082 929 4153 Ῥαμνοῦς
949 4083 1003 4152 τὴν
1021 4086 1100 4160 παρὰ
1116 4087 1272 4139 θάλασσαν

147 4155 249 4208 ἰοῦσιν
266 4155 297 4217 ἐς
315 4153 446 4225 Ὠρωπόν
464 4183 498 4192 -
515 4153 625 4228 μικρὸν
643 4155 673 4206 δὲ
691 4152 750 4207 ἀπὸ
769 4155 924 4224 θαλάσσης
942 4151 1004 4208 ἅνω
1017 4159 1172 4225 Νεμέσεως
1191 4156 1272 4208 ἐστὶν

146 4223 245 4299 ἱερόν,
275 4221 297 4290 ἢ
323 4223 406 4342 ῗέὤνῖ
431 4225 563 4292 μάλιστα
585 4221 756 4299 ἀνθρώποις
776 4225 933 4302 ὑβρισταῖς
954 4225 1036 4280 ἐστιν
1060 4225 1270 4300 ἀπαραίτητος.

147 4298 227 4344 Paua.
241 4298 313 4344 Attio.
370 4329 377 4354 ,
410 4327 417 4342 .
