2964 4814
190 355 337 418 Imminet
356 367 387 418 et
411 353 509 418 tacito
529 354 608 418 claro
633 354 721 418 venit
740 353 796 420 illa
821 359 911 437 pede.

125 459 202 521 Nou
225 477 317 540 seges
341 466 391 519 est
415 456 515 531 iufra,
541 476 605 520 non
630 456 721 520 vines
744 459 849 534 culta,
873 460 929 521 sed
954 461 1055 523 asidax

169 556 356 622 ·Cerberus
379 568 410 620 et
435 557 566 642 Stygiae
590 559 694 622 navita
719 560 823 642 turpis
848 581 962 644 aquae.
1116 553 1118 564 ⁴

126 658 200 722 lllic
221 659 445 742 percussisque
469 659 557 742 genis
579 670 716 743 ustoque
737 661 854 743 capillo

192 761 291 823 Errat
313 764 351 823 ad
374 764 533 824 obscuros
556 761 674 844 pallida
697 766 788 826 turba
812 765 912 828 lacus.

128 863 231 940 Quam
253 863 361 946 potius
384 863 557 926 laudandus
578 864 631 926 hie
652 875 720 940 est,
746 887 840 948 quem
861 869 955 948 prole
978 882 1088 952 parata

191 963 339 1044 Occupat
360 963 392 1025 in
415 983 515 1045 parva
538 964 635 1048 pigra
654 978 780 1030 senecta
804 972 895 1031 casa!
1210 976 1250 1035 10

126 1064 203 1146 lpse
226 1087 298 1127 suas
319 1076 459 1128 sectatur
485 1086 583 1139 oves,
610 1077 642 1128 at
665 1067 747 1130 illius
769 1091 890 1153 agnos,

190 1168 235 1228 Et
257 1152 389 1228 calidam
408 1165 498 1228 sesso
522 1179 686 1248 comparat
708 1189 793 1232 uxor
815 1193 941 1254 aquam.

127 1265 182 1328 Sic
199 1288 263 1350 ego
286 1267 342 1328 sim
367 1266 523 1350 liceatque
545 1267 851 1350 caput'caudesccre
874 1273 977 1350 cauis,

192 1367 365 1449 'seruporis
387 1379 419 1430 et
439 1369 537 1449 prisci
558 1370 643 1440 facta
666 1370 791 1436 referre
813 1395 933 1438 senem.

125 1471 252 1532 Interea
275 1471 346 1534 Pax
370 1489 447 1532 arva
470 1470 568 1533 colat.
614 1473 686 1535 Pax
702 1474 839 1538 candida
858 1477 992 1558 priunum

117 1607 122 1610 -
190 1569 292 1634 Duxit
316 1583 463 1633 araturos
484 1573 543 1634 sub
569 1571 643 1656 iuga
667 1578 769 1655 panda
792 1579 906 1640 boves.

126 1673 198 1736 Pax
218 1673 294 1734 aluit
316 1672 396 1735 vites
419 1685 449 1734 et
472 1695 585 1738 succos
607 1677 748 1738 condidit
773 1700 873 1756 uvae,

189 1775 352 1837 Funderet
375 1787 407 1835 ut
429 1786 503 1837 nato
526 1787 606 1838 testa
629 1788 760 1858 paterna
784 1801 915 1845 merum.

127 1876 214 1938 Pace
237 1875 346 1936 bidens
371 1863 545 1959 vomerque
566 1878 694 1960 vigent.;
717 1890 754 1960 at¹
768 1881 873 1946 tristia
899 1886 970 1948 ‹luri

189 1975 305 2038 Militis
327 1977 358 2039 iu
378 1977 519 2040 tenebris
538 1992 675 2061 occupat
702 2001 787 2043 arms
810 1983 904 2048 situs.

128 2077 280 2142 Rusticus
305 2099 321 2140 e
344 2079 484 2160 lucoque
508 2080 611 2155 uehit,
638 2067 869 2150 malesobrius
891 2088 977 2170 ipse,

191 2181 336 2242 Uxorem
359 2181 504 2260 plaustro
528 2183 780 2267 progeniemque
804 2190 945 2253 domum.

125 2282 190 2343 Sed
210 2280 348 2344 Veneris
372 2293 446 2342 timo
465 2282 548 2344 bella
573 2283 677 2346 calent
699 2286 880 2371 scissosque
893 2293 1037 2374 ,capillos

190 2381 320 2444 Femina
343 2382 522 2462 perfractas
546 2386 820 2470 conqucriturque
842 2392 950 2466 lorcs3

124 2481 199 2546 Flet
221 2493 346 2544 teneras
371 2485 501 2546 subtusa
521 2505 639 2568 genas;
663 2490 720 2549 sed
741 2490 849 2553 victor
871 2505 902 2554 ct
925 2495 1002 2576 ipse.

192 2584 265 2645 Flet
288 2583 347 2645 sibi
369 2587 529 2648 ilertrentcs
551 2598 613 2648 tam
638 2589 775 2652 valuisse
798 2613 921 2657 manus.
952 2605 954 2608 ’

122 2684 172 2747 At
194 2683 332 2746 lascivus
355 2687 459 2748 Amor
482 2687 571 2749 rixae
595 2690 674 2751 mala
695 2695 792 2754 verba
816 2695 989 2773 ministrat,

188 2785 278 2846 luter
299 2797 329 2846 ct
350 2785 464 2848 iratum
487 2788 592 2851 lentus
616 2803 785 2875 utrumque
807 2799 910 2860 sedet.

122 2887 179 2948 Ah
201 2886 280 2966 lapis
303 2899 350 2949 est
371 2889 576 2972 ferrumque,
600 2914 687 2955 suam
712 2895 891 2982 quicunque
914 2904 1051 2980 puellam

192 2988 374 3062 Verberat3
398 3011 415 3050 c
438 2992 529 3054 caelo
552 2993 668 3075 deripit
692 2995 745 3058 ille
771 3002 875 3064 deos.)
1208 3015 1248 3074 60

97 3074 173 3150 ⁸Sit
195 3093 272 3151 satis
295 3112 311 3148 e
335 3092 482 3154 urerubris
506 3099 632 3156 tenuem
656 3098 859 3176 perscindcre
884 3116 1020 3169 vestem:
1239 3097 1240 3102 ἵ

124 3267 167 3313 33.
188 3283 319 3314 accersere
341 3273 458 3329 plerique.
489 3276 551 3319 Scal.
618 3274 659 3321 34.
687 3279 745 3336 ipsa
763 3281 825 3326 eoa.
849 3282 871 3328 1.
896 3289 926 3334 V.
991 3287 1031 3334 36.
1053 3295 1135 3351 turpis
1156 3302 1194 3340 est
1217 3299 1246 3342 als

123 3340 202 3381 ltalia.
221 3339 304 3384 Burin.
327 3353 375 3384 sec.
404 3342 500 3386 volebat
526 3344 618 3388 tristis.
649 3347 678 3390 L.
702 3350 796 3393 reduxit
815 3352 874 3397 Cdd.
899 3358 954 3404 lect.
982 3363 1091 3416 puppis,
1112 3367 1170 3407 durs
1190 3379 1247 3410 saue

122 3409 318 3451 constructione:
339 3409 423 3452 nocito
443 3413 537 3468 puppis
567 3428 646 3470 aquus
666 3415 792 3476 Stygios,
813 3435 891 3478 „quae
913 3425 1006 3470 uehitur
1026 3443 1068 3482 per
1089 3445 1174 3487 aquam
1194 3437 1248 3484 arv.

121 3474 215 3533 giatn.’'
275 3472 316 3520 37.
338 3476 472 3524 Construc:
493 3481 547 3524 illie
566 3481 601 3526 ud
616 3483 737 3530 obscuros
755 3488 828 3530 lucus
844 3492 942 3545 pallida
960 3496 1034 3538 turbo
1050 3505 1122 3542 srrrrt
1136 3515 1246 3556 percus·

121 3544 209 3602 sisque
217 3545 292 3604 genis
305 3545 368 3598 (scil.
379 3546 477 3601 timore)
494 3555 597 3608 ustoque
617 3553 719 3608 capillo.
734 3578 765 3588 ·-
777 3560 904 3612 perculsis
924 3563 983 3605 Cod.
1007 3563 1030 3608 1.
1050 3567 1081 3610 V.
1103 3569 1130 3610 B.
1151 3569 1245 3618 Nolebe.

121 3612 213 3660 exesis
235 3613 319 3657 lleius.
340 3615 446 3663 Broulxh.
468 3617 544 3670 flere.
571 3619 683 3672 „eureos
702 3635 784 3682 genas
803 3631 899 3681 proprie
919 3633 980 3675 dixit
1002 3633 1060 3678 Tib.
1081 3635 1111 3690 1,
1134 3635 1181 3692 to,
1202 3636 1244 3684 37.

75 3727 79 3736 ¹
121 3681 264 3726 Valclt.ad.
280 3682 342 3728 Call.
364 3697 388 3745 p.
414 3682 471 3730 106.
508 3687 547 3730 stc
567 3689 651 3734 Critici
671 3703 715 3745 pro
740 3693 900 3750 scriptoribus
920 3701 1072 3747 lossdauiur.''
1097 3706 1127 3749 ll.
1165 3693 1245 3751 scmu-

121 3749 172 3792 sss's
191 3749 280 3793 ararat.
301 3751 333 3783 -'
347 3754 536 3812 permissisque
555 3757 599 3800 Cd.
620 3762 680 3812 apud
710 3761 773 3806 Scal.
838 3763 880 3810 16.
901 3775 1018 3814 oratores
1037 3773 1114 3818 Cocld.
1143 3776 1245 3833 aliquoi.

120 3818 232 3862 Broulth.
255 3819 296 3861 W.
316 3820 344 3862 Β.
366 3820 401 3864 lb.
418 3819 506 3878 prurio
525 3838 537 3867 e
567 3825 626 3870 cdd.
647 3830 678 3871 V.
701 3830 730 3873 B.
757 3831 786 3874 L.
806 3853 839 3864 -
855 3849 934 3880 curua
952 3851 981 3884 ex
999 3841 1054 3883 aliis
1076 3843 1106 3886 ll.
1125 3843 1246 3888 Difficilli-

120 3899 188 3930 mum
206 3891 243 3930 est
263 3887 391 3932 diiudicata
399 3920 419 3942 ,,
438 3895 517 3934 utrum
540 3905 618 3956 curru
641 3898 717 3954 gloss.
741 3899 897 3946 subsistntmn
918 3905 950 3949 sit
971 3919 994 3951 v.
1019 3911 1188 3968 exquisitiori,
1216 3929 1246 3958 au

121 3959 208 3998 contu
225 3955 393 4010 interpolatori
416 3960 532 4012 placusrit
551 3963 646 4010 rariore
672 3979 726 4010 roc.
747 3973 874 4016 extrudere
896 3975 1037 4029 simplicius.
1071 3966 1073 3970 ¹
1104 3977 1146 4026 19.
1166 3984 1246 4028 nitent

120 4022 211 4076 (auru.
229 4023 338 4068 Broukh.
358 4027 430 4081 Vulp.
469 4026 512 4074 51.
531 4036 555 4074 et
571 4031 629 4076 luco
644 4033 739 4080 resslss't
750 4039 825 4082 Voss.
839 4041 903 4086 roni.
917 4056 946 4086 cx
960 4045 1041 4099 priore
1054 4047 1123 4094 reus.
1142 4052 1244 4102 lleius.:

121 4111 153 4124 -
174 4105 188 4136 s
205 4093 262 4136 luen
280 4091 382 4138 rsrslrit.
439 4093 481 4141 55.
502 4096 600 4160 suffosa
618 4101 695 4147 codd.
715 4106 772 4162 aliq.
794 4109 858 4152 scal.
923 4109 964 4157 58.
984 4115 1068 4162 lactus
1086 4119 1163 4164 Codd.
1184 4124 1241 4179 aliq.

121 4155 165 4205 ⁶0.
186 4162 296 4206 stenelo
314 4161 389 4207 eota.
409 4165 466 4222 stiq.
486 4168 518 4214 V.
574 4167 623 4212 ils
631 4173 809 4233 perscindens]
823 4191 875 4221 curn
889 4179 949 4225 Cdd.
963 4182 993 4228 L.
1014 4207 1046 4219 -
1062 4190 1244 4245 praescindere

119 4242 176 4272 cum
195 4231 250 4273 allis
270 4231 311 4274 W.
331 4232 360 4274 B.
382 4251 415 4266 ·-
434 4233 581 4280 resciudcrs
603 4242 673 4296 vulgo
693 4243 720 4286 de
739 4245 801 4287 coni.
823 4246 924 4292 lleinsii.
1095 4264 1098 4269 ·
