2964 4814
213 169 274 233 168

275 327 341 391 Vel
362 335 417 390 tua
438 321 465 385 ei
486 340 602 384 eocero
624 317 709 382 colla
731 317 862 380 daturne
885 334 970 380 erar.

214 428 342 494 Scilicet
364 421 475 488 incerti
498 418 650 484 meretrix
671 415 783 502 regina
806 414 956 496 Canopi,

275 530 347 593 Una
369 523 542 606 Philippeo
565 519 718 603 sanguine
740 520 850 581 adnata
873 525 969 590 note,

211 633 302 696 Auen
323 627 398 691 Iovi
419 635 535 689 nostro
558 623 722 684 latrantem
745 638 913 699 opponere
936 614 1076 680 Anubim

277 732 323 792 Et
344 726 489 789 Tiberim
512 722 579 786 Nili
600 740 722 804 cogerc
743 719 830 782 serre
853 717 951 780 minae

214 833 454 908 Romanamque
476 826 581 886 tubam
604 818 773 908 crepitanti
795 819 915 900 pellere
937 817 1055 894 sistro,

278 927 417 992 Baridoe
441 937 472 988 et
494 925 597 988 contis
618 933 725 986 roetra
749 919 895 983 Liburna
912 919 1003 1001 ecqui

215 1033 391 1112 Foedaque
413 1023 558 1106 'sarpeio
580 1020 718 1100 conopia
739 1022 868 1082 tendere
890 1039 989 1094 naxo,

279 1132 357 1194 Iura
380 1129 455 1189 dare
478 1137 509 1188 et
529 1135 649 1186 etatuae
671 1120 753 1183 inter
776 1131 808 1182 et
829 1141 916 1182 arma
938 1120 1041 1184 Mari.

217 1229 303 1312 Quid
325 1248 408 1292 nunc
431 1223 599 1306 Tarquinii
620 1223 737 1286 lractee
760 1219 848 1283 iuvat
871 1241 939 1284 eeee
961 1240 1111 1296 accures,

280 1327 420 1394 Nomine
442 1345 535 1410 quiem
559 1321 652 1386 simili
674 1321 740 1384 vita
761 1323 900 1402 superba
922 1331 1034 1396 notat,

219 1430 255 1496 Si
275 1430 390 1494 mulier
411 1426 555 1509 patienda
576 1422 661 1487 fuit?
684 1421 795 1503 Cape,
821 1425 944 1498 Roma,
968 1422 1164 1503 triumphum

281 1533 325 1594 Et
346 1531 475 1610 longam
498 1527 647 1609 Augusto
670 1522 759 1586 calva
783 1542 919 1602 precare
942 1521 1039 1584 diem.

219 1629 346 1714 Fugieti
369 1638 473 1689 tamen
495 1626 528 1688 in
550 1622 651 1687 timidi
673 1641 757 1700 vega
779 1622 906 1685 flumina
929 1621 1017 1695 Nili;

283 1729 450 1808 Accepere
473 1737 544 1788 tuae
566 1723 705 1788 Romule
728 1721 833 1785 vincla
856 1745 977 1786 rnanue.

221 1827 360 1893 Brachia
382 1824 525 1908 spectavi
548 1824 645 1886 saeris
667 1826 814 1886 admorsa
837 1824 981 1888 colubria

284 1931 329 1992 Et
350 1928 476 1990 trahere
499 1925 662 1988 occultum
686 1925 825 1986 menrhra
848 1925 977 2005 eoporie
999 1924 1074 1990 iter.

221 2031 323 2106 ,Non
344 2029 425 2103 hoc,
450 2027 578 2098 Roma,
601 2024 649 2088 fui
671 2035 760 2087 tanto
782 2023 841 2088 tibi
862 2025 931 2088 cive
956 2029 1111 2103 verenda,
1127 2030 1146 2056 ”
1297 2027 1339 2089 55

284 2128 402 2204 Dixit,
420 2138 475 2200 „et
498 2126 624 2195 aeeiduo
647 2125 752 2207 lingna
775 2128 898 2207 eepnlta
922 2128 1048 2190 mero.”

224 2231 354 2312 Septem
376 2230 451 2289 urbs
475 2227 537 2288 alta
559 2225 662 2310 iugis,
687 2237 757 2289 toto
781 2246 861 2308 quae
882 2227 1043 2308 praesidet
1065 2228 1158 2303 orbi,

295 2407 336 2456 ³6.
347 2405 451 2468 Magne,
460 2411 542 2452 nolam
551 2407 637 2460 Guyet.
653 2407 702 2451 lior
712 2421 782 2452 reren
793 2410 816 2452 in
829 2409 964 2465 perentheei
977 2411 1056 2464 ponito
1069 2411 1226 2468 coniugiale,
1240 2409 1288 2454 etei
1298 2422 1343 2452 ne-

223 2481 351 2539 gligentiae
375 2491 399 2523 r,
426 2473 467 2521 37.
495 2481 550 2532 poet
571 2477 672 2521 liomarn
691 2490 718 2520 ac
733 2477 865 2531 Memphim
882 2477 1025 2532 Pompeium
1043 2480 1182 2536 alloquitur.
1231 2477 1299 2534 Quod
1319 2478 1342 2521 ai

225 2553 305 2594 antem
324 2560 347 2591 v.
370 2543 412 2589 36.
432 2547 549 2590 eeutentia
571 2546 605 2588 ita
623 2543 765 2589 deliniatur:
785 2547 855 2590 nelle
878 2551 986 2602 tempore
1005 2560 1055 2590 aen
1078 2546 1211 2606 indiguum
1229 2546 1280 2590 erit
1296 2557 1342 2588 no·

224 2616 291 2661 enine
314 2613 439 2668 Romano,
468 2626 593 2657 eumenum
616 2611 783 2656 Romanorum
808 2613 894 2657 ducem
915 2620 985 2658 teuta
1003 2628 1059 2658 cura
1074 2613 1185 2676 persidio
1204 2612 1235 2656 ud
1252 2612 1343 2672 Aegy-

220 2685 285 2742 ptiie
300 2681 474 2740 proditorihue
494 2681 604 2724 oecleum
623 2693 696 2734 ecee,
723 2695 768 2725 nec
782 2687 910 2736 propterea
929 2686 960 2726 de
977 2683 1076 2727 dimissa
1094 2683 1183 2727 ultione
1203 2682 1342 2738 cogitetur,

225 2753 287 2798 bend
306 2752 390 2804 rideo,
423 2750 477 2806 qnid
496 2749 635 2793 olieneiouie
663 2749 757 2794 babeat.
795 2751 831 2794 lb.
850 2749 987 2810 Phlegraei
1004 2752 1088 2808 rutupi
1112 2765 1125 2794 a
1152 2741 1293 2807 quibudam
1318 2749 1343 2791 ier

225 2820 360 2872 Thessalia,
373 2817 568 2870 oblitterantes,
582 2816 612 2860 ab
622 2817 675 2860 aliis
686 2818 710 2860 in
722 2818 872 2872 Macedonia,
884 2820 1022 2874 emoriente,
1035 2825 1060 2863 nt
1072 2820 1101 2863 ab
1111 2821 1164 2874 ipeo
1177 2831 1269 2876 qnoque
1279 2816 1344 2859 Pro·

226 2889 305 2944 pertin
326 2886 355 2939 l,
376 2883 426 2938 2⁰,
449 2883 489 2938 9.,
515 2885 538 2929 in
564 2885 693 2938 Cairrpania
715 2886 780 2929 iuxta
804 2887 892 2931 Garnae
911 2891 1040 2942 ponuntur.
1096 2883 1137 2932 lb.
1158 2889 1297 2938 Sententia,
1318 2886 1344 2928 ni

225 2958 313 3008 fallor,
333 2955 390 2998 haec
409 2958 462 2997 eet:
483 2949 631 3009 Cleopatra,
653 2954 728 2996 unire
744 2959 822 3008 notu,
840 2969 901 3013 puae
909 2969 958 3013 per·
976 2955 1129 3014 anagninam
1146 2952 1303 3010 Philippeum
1322 2954 1342 2996 i.

226 3039 249 3068 e.
269 3036 286 3065 a
309 3021 421 3077 porteris
440 3018 553 3076 Philippi
568 3019 640 3064 nodie
658 3019 796 3072 Romania,
827 3023 914 3067 leviter
941 3029 1041 3076 lernen,
1070 3025 1156 3067 iuuetu
1180 3023 1227 3076 eit,
1255 3022 1294 3064 itu
1318 3026 1347 3063 ut

224 3090 335 3149 Augurii
352 3089 471 3133 eicioriee
491 3089 567 3132 letam
585 3089 710 3132 maculem
728 3090 803 3148 quuei
820 3090 871 3134 iem
888 3090 1032 3135 deleverint.
1070 3092 1130 3134 Illud
1150 3091 1213 3134 enim
1231 3089 1277 3132 eibi
1293 3089 1347 3132 vult

225 3157 342 3212 neuere,
361 3170 414 3203 voc.
435 3157 505 3215 longe
524 3158 615 3210 levius,
647 3159 788 3214 ideoqueh.
809 3159 938 3214 Leptine,
971 3173 1041 3215 quam
1061 3160 1165 3212 iuuelu,
1186 3159 1248 3215 qnod
1264 3155 1344 3204 endu.

226 3226 323 3272 lectioni
352 3225 526 3280 anhelituerunt
552 3225 606 3270 inde
629 3239 643 3268 a
668 3227 812 3284 Scaligero,
844 3241 892 3271 eno
919 3227 1017 3270 Lachne.
1046 3230 1075 3272 ad
1104 3239 1189 3271 verum
1217 3226 1344 3269 redeunte.

226 3295 344 3351 Reliquos
359 3293 471 3338 videlicet
490 3293 595 3348 Philippi
613 3299 723 3347 posteros
741 3308 769 3339 ac
787 3307 955 3347 mcceeeoree,
985 3295 1121 3350 Philippum
1143 3295 1205 3346 itt..
1230 3293 1344 3346 Pei-een,

227 3363 430 3408 cet-devicerant
446 3361 562 3417 Romanu
592 3375 637 3404 uua
659 3363 788 3418 Cleopatra
807 3368 924 3408 terrorem
946 3363 975 3406 iie
997 3365 1141 3407 incueeerat.
1178 3361 1347 3404 Ptolemaeum

227 3435 307 3476 autem
328 3430 403 3488 Lagi,
430 3429 514 3474 Curtio
537 3434 611 3482 teate,
634 3428 663 3484 9,
685 3429 717 3485 8,
747 3428 789 3474 22.
809 3431 919 3474 nonnulli
939 3431 1077 3485 aPhilippo
1096 3431 1202 3490 genitam
1220 3441 1274 3473 eeee
1291 3442 1345 3472 cre·

228 3500 323 3544 debant.
359 3499 441 3544 ilinc.
467 3499 568 3554 opinor,
588 3498 741 3542 tnauifeetmn
756 3497 811 3551 liet,
831 3512 915 3554 parum
938 3499 1094 3553 probabiliter
1113 3513 1127 3542 a
1149 3497 1345 3542 Lec'bmnnoin

226 3568 273 3612 Ed.
294 3580 348 3620 pr.,
369 3567 415 3610 etei
435 3568 560 3620 plaudente
584 3565 691 3610 Ceneore
716 3569 783 3620 lem,
807 3567 966 3622 tranepoeitoe
994 3568 1068 3611 imese
1086 3580 1110 3611 e.
1144 3563 1185 3610 3⁶.
1206 3571 1230 3609 et
1248 3563 1294 3609 itt.
1312 3564 1346 3607 ila

227 3637 362 3690 ecriptum:
393 3631 448 3680 Une
473 3632 603 3692 Philippeo
631 3636 757 3692 eeuguine
784 3633 875 3680 edueta
901 3629 961 3678 notai
984 3635 1000 3679 i.
1022 3650 1044 3679 e.
1070 3647 1159 3688 „unam
1179 3635 1313 3692 Aegyptum
1332 3646 1346 3675 a

228 3703 343 3760 progenie
362 3697 421 3749 τῶν
438 3695 583 3759 διαδόχων
601 3705 681 3744 nolam
699 3707 723 3746 et
743 3704 899 3761 ignominiam
915 3707 1018 3748 traeteee
1037 3704 1111 3756 diret,
1143 3715 1215 3760 quum
1232 3702 1303 3754 Syria
1321 3705 1348 3743 et

229 3771 370 3816 Macedonia
392 3768 461 3812 honie
476 3767 574 3824 legibue
597 3769 705 3827 iueignee
722 3771 836 3816 inerint.’'
872 3773 919 3816 Sed
941 3772 1048 3826 quianam
1067 3772 1232 3815 Rorrrauonnrn
1251 3769 1345 3822 Philip-

208 3839 344 3893 1posilloe
362 3841 433 3892 etque
451 3838 581 3881 Antiochou
599 3837 661 3881 inter
679 3841 756 3882 bonos
773 3853 844 3897 reges
868 3852 970 3896 uuquam
989 3837 1090 3882 retulit?
1125 3839 1145 3883 Ε
1165 3837 1226 3882 G2d.
1250 3838 1344 3881 edidit:

230 3904 367 3964 eunguini,
388 3905 473 3958 nteit,
494 3906 640 3958 „maximum
654 3907 811 3960 opprobrium
824 3907 907 3962 stirpis
924 3907 1090 3961 Philippeae.”
1124 3908 1177 3951 Cir.
1197 3907 1286 3951 Lucan.
1304 3901 1346 3958 10,

231 3971 274 4017 59.
294 3970 410 4016 Dedecue
426 3971 560 4030 Aegypto,
580 3971 653 4017 Latio
663 3971 763 4031 seruile
781 3973 897 4033 Eriuuye
914 3972 1026 4019 Romnae
1043 3988 1091 4019 non
1110 3981 1181 4019 coetu
1200 3975 1292 4018 anulo·
1304 3998 1319 4010 -
1331 3995 1348 4010 -

232 4039 336 4084 Terruit
362 4039 408 4083 ille
426 4053 486 4091 euo,
516 4036 617 4096 eisaie,
647 4039 770 4099 Cepiteliu
787 4043 867 4086 eiatre
895 4041 927 4086 Et
944 4041 1057 4086 Ilounon«
1070 4044 1135 4100 petit
1158 4041 1252 4086 imbelli
1269 4042 1349 4099 eiguu

230 4103 338 4162 Canopo.
399 4104 442 4172 ll·
471 4106 597 4166 Tarquini
622 4111 671 4154 iac.
705 4124 717 4154 e
743 4111 803 4154 Cdd.
859 4107 901 4158 55.
917 4111 1002 4156 Puceii
1022 4112 1078 4155 leet.
1098 4126 1158 4162 nunc
1183 4109 1232 4154 lac.
1255 4114 1280 4154 et
1297 4107 1346 4152 Le.

231 4174 323 4230 recepi.
359 4174 490 4233 ,Loquens
512 4177 556 4221 hoc
575 4177 675 4223 disticho
696 4179 816 4223 inducitur
833 4177 980 4234 Cleopatra:
1012 4179 1213 4224 lloctantocire
1233 4191 1279 4223 oon
1302 4189 1350 4234 ego
