2964 4814
320 939 432 1034 ''³³ss
468 952 718 1077 LALERII
760 952 1022 1028 CATULLI

248 1137 631 1222 umrnanuuinu
655 1135 798 1200 nunni
820 1137 892 1199 nr
907 1135 1159 1199 Taurinos.

609 1323 813 1338 uun—ffl-

208 1517 344 1583 Peliaco
357 1520 525 1603 squondam
542 1527 723 1602 prognatae
744 1516 865 1580 vertice
887 1515 980 1598 pinus

141 1621 307 1688 Dicuntur
325 1619 465 1704 liquidas
482 1619 625 1702 Neptuni
643 1640 734 1682 nasse
756 1641 815 1701 per
835 1621 934 1681 undas

145 1723 308 1790 Phasidos
326 1725 366 1785 ad
388 1723 503 1785 fluctus
521 1732 553 1784 et
572 1721 645 1784 linis
664 1723 845 1786 Aeetaeos:

149 1828 254 1907 Quom
275 1825 353 1889 lecti
375 1825 523 1899 iuvenes,
546 1823 691 1909 Argivae
713 1826 838 1888 robora
857 1821 969 1907 pubis,

147 1930 302 1991 Auratam
326 1938 473 2009 optantes
492 1925 628 1991 Colchis
650 1937 796 1990 avertere
814 1926 930 2008 pellem

146 2029 231 2094 Ausi
254 2041 327 2093 sunt
348 2032 428 2092 vada
447 2029 528 2092 salsa
551 2028 614 2091 cita
633 2031 805 2092 decurrere
827 2028 945 2111 puppi,
1020 2049 1024 2057 ’

75 2168 80 2176 =
144 2131 285 2198 Caerula
308 2143 475 2194 verrentes
497 2130 642 2215 abiegnis
662 2151 809 2215 aequora·
824 2131 958 2213 palmis:

142 2233 234 2299 Diva
255 2233 386 2318 quibus,
409 2232 549 2296 retinens
570 2232 603 2294 in
627 2232 756 2295 summis
778 2233 911 2296 urbibus
933 2232 1033 2309 arcis,

142 2336 224 2418 Ipsa
246 2334 308 2398 levi
329 2333 409 2398 fecit
431 2333 619 2399 volitantem
641 2331 768 2398 flamine
793 2357 938 2412 currum,

142 2437 245 2503 Pinea
269 2437 466 2522 coniungens
483 2437 619 2501 inflexae
640 2448 728 2500 texta
751 2437 889 2503 carinae.

143 2539 206 2602 llla
227 2542 339 2602 rudem
362 2561 457 2602 cursu
480 2538 584 2621 prima
608 2539 721 2602 imbuit
743 2540 976 2622 Amphitriten.

144 2643 235 2720 Quae
258 2641 413 2704 simulac
436 2653 547 2706 rostro
571 2653 737 2706 ventosum
756 2641 917 2724 proscidit
939 2665 1061 2729 aequor

145 2747 313 2829 Tortaque
332 2743 473 2828 remigio
492 2743 613 2827 spumis
634 2743 775 2808 incanuit
798 2747 898 2820 unda,

196 2926 239 2981 (lu
257 2929 359 2982 repetita
377 2927 421 2972 bac
432 2928 478 2972 Ed.
493 2909 617 2982 consului,
638 2941 696 2985 quas
710 2927 777 2972 tunice
792 2927 970 2982 sancticetur,
989 2927 1078 2988 Silligii
1097 2925 1174 2987 [cuius
1185 2935 1263 2974 tarncu

141 2996 252 3052 Epistola
270 2997 356 3042 critica
375 2997 451 3056 carui]
472 3002 496 3042 et
512 2997 657 3041 Lachmanni
677 3011 765 3052 curus,
785 3001 908 3055 utramque
927 3012 984 3043 sane
997 2999 1021 3042 in
1035 3013 1078 3044 suo
1091 3013 1179 3058 genere
1192 3013 1263 3056 prae-

142 3071 260 3121 stantem,
294 3071 317 3110 et
337 3068 469 3123 exquibus
489 3068 603 3110 nonnulla
621 3069 748 3111 emendare
766 3067 848 3122 potui,
877 3068 920 3111 sed
943 3069 976 3113 ita
1000 3073 1078 3113 tamen
1096 3075 1263 3130 corripueratas,

142 3141 169 3179 ut
187 3137 258 3180 crisis
278 3135 418 3180 difficillima
443 3137 511 3179 buius
538 3139 622 3192 poetae
641 3137 746 3180 nondum
764 3137 795 3179 sit
812 3136 932 3182 absoluta.
970 3137 1052 3196 Longe
1073 3141 1136 3183 enim
1155 3139 1264 3194 pluribus

142 3220 154 3249 e
175 3204 320 3258 (lodicibus,
341 3220 412 3262 quam
431 3219 490 3263 quos
509 3205 674 3250 Lacbinannus
692 3207 828 3259 consuluit,
849 3203 876 3249 ed
895 3203 932 3250 vid
950 3220 977 3250 ac
996 3209 1100 3264 ratione,
1121 3223 1190 3265 quam
1204 3210 1263 3252 San-

141 3276 221 3320 tenius
241 3275 365 3332 ingressus
385 3280 450 3329 erat,
482 3271 558 3332 inagis
577 3279 654 3319 tamen
674 3275 777 3320 devitato
795 3275 875 3320 fallaci
894 3276 1085 3321 coniecturarum
1103 3278 1262 3334 adminiculo,

141 3346 171 3387 ad
191 3344 260 3387 unius
279 3345 343 3388 illius
361 3337 544 3413 ἀρχετύπου,
567 3358 578 3388 e
598 3358 644 3401 quo
658 3344 720 3388 docti
734 3349 788 3388 sunt
801 3359 883 3395 omncs
895 3346 997 3390 Codices
1011 3360 1072 3390 nunc
1086 3349 1145 3400 noti,
1160 3347 1264 3390 formam

142 3414 329 3468 perveniendum
347 3416 411 3467 erit,
439 3428 482 3458 noc
506 3411 606 3457 confieri
630 3427 670 3458 res
689 3407 727 3458 hic
745 3419 824 3468 potest
842 3415 914 3458 mutis
934 3416 996 3458 notis
1016 3415 1065 3459 sire
1084 3415 1176 3474 siglis,
1205 3429 1264 3474 quas

142 3483 243 3536 dicunt,
275 3489 300 3526 ut
318 3483 454 3528 'l'heotiscis
473 3483 496 3526 in
516 3484 649 3540 pot'matis3
678 3484 744 3527 clarc
768 3485 912 3542 loquendum
936 3489 982 3529 est.
1020 3485 1089 3541 Quod
1108 3486 1203 3541 quidem
1221 3498 1264 3528 cur

141 3554 298 3611 dedignemur
317 3567 361 3597 noa
380 3548 553 3616 φιλόλογοι,
572 3553 670 3596 minime
689 3551 781 3607 video.)

391 3676 645 3722 EPITHALAMIUM
662 3674 760 3721 PELEl
779 3676 822 3721 ET
841 3675 1017 3721 Taurinos,

195 3762 220 3809 1.
241 3763 298 3819 „Ad
315 3762 416 3816 Pelion,
436 3764 578 3808 Thessaliae
597 3770 717 3819 iuontcm,
736 3763 858 3808 aedificata
879 3763 1109 3822 cstA1·go.''llInr.
1157 3761 1181 3808 3.
1203 3765 1219 3809 i.
1240 3780 1261 3810 c.

140 3835 296 3888 (dolebiwn,
318 3833 358 3875 nbi
373 3832 489 3890 regnabat
505 3835 601 3878 Aretes.
647 3831 672 3878 le.
692 3835 754 3878 loeti
775 3834 851 3877 Codd.
870 3834 917 3877 Ed.
935 3847 973 3889 pr.
1020 3833 1056 3876 lb.
1075 3832 1169 3890 puppis
1187 3833 1262 3880 Codd.

663 3899 670 3915 ²

140 3906 196 3961 aliq.
247 3899 272 3946 8.
298 3903 423 3956 Minerva,
451 3899 627 3964 πολιοῦχος,
655 3899 850 4014 εὲυσὶπτολις.
898 3902 939 3946 11.
961 3899 1044 3958 prorui
1066 3903 1140 3946 Voss.
1165 3918 1177 3948 c
1200 3905 1261 3948 Cod.

142 3971 182 4018 13.
197 3978 311 4030 tortaque
326 3971 395 4015 statii
410 3973 522 4026 emend,
546 3987 605 4029 quae
621 3986 663 4015 con
683 3977 774 4014 rmatur
793 3973 846 4014 Silii
864 3971 996 4016 imitatione
1011 3968 1024 4016 7
1033 4003 1039 4026 ,
1056 3967 1115 4014 ¹412.
1135 3971 1171 4016 Ac
1184 3979 1264 4017 tortus

141 4042 218 4086 inulto
244 4041 379 4098 :prematur
401 4042 498 4101 remige
519 4046 629 4100 pontus,
661 4054 732 4099 quom
756 4039 870 4096 trepidae
888 4036 999 4099 srcmitu
1024 4040 1111 4085 vitreis
1129 4056 1143 4084 e
1161 4042 1264 4087 aedibus

139 4110 365 4172 untriAepuorcue
381 4113 475 4170 pelago
494 4111 571 4155 rirnul
589 4123 712 4153 emersere
731 4123 843 4154 sorores.
866 4131 896 4142 ·-
916 4116 1013 4169 totoque
1025 4111 1088 4154 Mss.
1104 4112 1171 4164 Aldd.
1190 4113 1262 4170 Ging.

139 4181 178 4226 lb.
198 4179 330 4224 incanduit
348 4181 410 4224 Mss.
431 4181 491 4225 Stat.
508 4181 583 4224 Doer.
602 4179 674 4238 Ging.
695 4203 728 4212 -
746 4178 928 4223 incandescere
944 4184 1022 4225 tamen
1040 4187 1168 4236 usurpatur
1184 4183 1263 4237 potius

139 4253 168 4294 de
185 4249 288 4294 flammis
304 4255 373 4307 atque
391 4255 468 4294 aestu.
493 4273 520 4284 ·-
540 4247 655 4308 Aequora
673 4262 738 4294 cuno
757 4249 817 4294 dixit
834 4249 926 4295 Ennius
940 4263 963 4308 p.
981 4245 1038 4296 132.
1060 4251 1129 4297 lices.
