2952 4826
232 245 272 307 60

235 400 321 482 Quid
343 399 383 462 sit
407 419 488 482 opus
508 398 616 472 lacto;
639 395 750 460 faciles
771 415 872 481 neque
893 392 974 457 enirn
996 403 1199 475 paterentur,

233 506 304 568 Nec
322 502 447 566 ratione
470 500 532 564 ulla
553 499 616 563 sibi
638 499 761 562 ferrent
780 496 915 580 amplius
937 495 1040 560 astreis

232 605 337 671 Vocis
357 602 519 668 inauditos
538 600 660 666 sonitus
683 603 861 664 obtundere
882 599 1015 662 frustra.

297 711 487 781 Postremo,
511 703 589 790 quid
606 703 639 767 in
662 705 723 765 bac
740 701 884 765 mirabile
900 712 987 764 tanto
1005 720 1104 783 opere
1120 709 1167 762 est
1187 721 1240 774 re,
1267 701 1351 762 1055

232 811 267 874 Si
289 831 388 895 genus
407 809 594 882 bumamum,
616 805 695 891 quoi
717 827 784 868 vox
806 815 836 867 et
858 803 966 890 lingua
989 803 1132 887 vigeret,

232 915 301 977 Pro
323 911 416 974 vario
436 931 527 973 sensu
551 907 656 972 varias
675 929 726 970 res
748 917 996 981 voceuotare13

233 1015 339 1094 Quom
359 1015 497 1095 pecudes
520 1021 638 1085 mutae,
662 1029 759 1095 quom
780 1009 914 1093 denique
932 1008 1016 1072 secla
1036 1009 1178 1074 ferarum

231 1115 424 1180 Dissimileis
446 1113 569 1178 soleant
592 1133 690 1175 voces
713 1110 880 1196 variasque
904 1109 1008 1186 ciere,

232 1219 338 1298 Quom
356 1227 455 1279 metus
474 1227 527 1278 aut
546 1214 643 1278 dolor
661 1225 708 1276 est
726 1224 756 1277 et
768 1233 865 1297 quom
880 1212 941 1276 iam
959 1211 1072 1296 gaudia
1090 1212 1249 1297 gliscunt?
1267 1216 1353 1274 1000

232 1320 359 1403 Quippe
382 1317 498 1382 etenim
520 1317 596 1381 licet
616 1316 649 1379 in
671 1319 766 1380 rebus
788 1336 988 1399 cognoscere
1009 1315 1140 1397 apertis.

294 1421 425 1486 Irritata
444 1441 554 1483 canum
576 1438 673 1504 quom
691 1417 828 1500 primum
848 1438 963 1501 magua
983 1417 1166 1481 Molossum

232 1524 351 1590 Mollia
374 1523 456 1586 ricta
478 1523 617 1586 fremunt
640 1523 738 1583 duros
759 1519 906 1583 nudantia
929 1518 1068 1594 denteis,

231 1629 351 1713 Longe
374 1625 437 1690 alio
462 1623 566 1688 sonitu
592 1621 699 1686 rabies
718 1622 863 1686 districta
886 1622 1039 1698 minatur,

230 1731 275 1792 Et
297 1751 394 1814 quoru
416 1727 477 1791 iarn
496 1727 612 1788 latrant
632 1735 664 1787 et
685 1723 821 1787 vocibus
844 1724 951 1788 omnia
975 1725 1150 1807 complent.
1265 1729 1347 1788 1005

231 1834 278 1895 At
296 1830 419 1894 catulos
439 1828 553 1890 blande
574 1847 672 1912 quoin
692 1825 801 1909 lingua
821 1825 960 1889 lambere
981 1837 1120 1900 tentant,

230 1937 297 1997 Aut
313 1932 370 1994 ubi
389 1952 446 1995 eos
467 1930 585 1991 lactant
606 1926 742 2010 pedibus
765 1950 937 2014 morsuque
959 1939 1100 2011 petentes

231 2032 398 2116 Suspensis
417 2043 545 2095 teneros
564 2029 729 2093 imitantur
750 2029 897 2094 dentibus
919 2033 1067 2105 haustus,

230 2139 347 2221 Longe
371 2134 435 2199 alio
455 2144 552 2216 pacto
576 2133 706 2218 gannitu
729 2131 822 2196 vocis
843 2133 987 2209 adulant,

228 2241 272 2302 Et
293 2259 389 2324 quom
414 2235 549 2300 desertei
568 2238 747 2298 baubantur
764 2235 797 2298 in
817 2235 948 2300 aedibus
967 2247 1133 2320 antiquom
1266 2239 1350 2297 1070

136 2398 152 2418 ,
202 2325 400 2404 ‘Pisi-antes
420 2337 548 2423 fugiunt
570 2336 736 2402 summisso
760 2359 902 2420 corpore
925 2339 1049 2422 plagas.

291 2441 438 2527 Denique
456 2462 520 2505 non
541 2439 682 2503 hinnitus
699 2439 774 2503 item
795 2438 924 2503 differre
944 2440 1086 2517 videtur,

227 2547 317 2609 Inter
340 2566 437 2630 equas
454 2542 509 2606 ubi
531 2564 631 2628 equus
648 2541 778 2607 florenti
801 2553 901 2606 aetate
923 2541 1076 2608 iuvencus

228 2645 398 2730 Pinnigeri
421 2646 522 2709 saevit
542 2645 720 2708 calcaribus
742 2643 824 2707 ictus
846 2642 995 2720 Amoris,

130 2769 138 2790 ¹
228 2752 272 2813 Et
292 2748 452 2812 fremitum
475 2747 594 2830 patulis
616 2750 674 2810 sub
696 2746 826 2809 naribus
849 2745 915 2809 edit
934 2751 974 2809 ad
998 2769 1103 2821 aritia,
1264 2751 1346 2810 1015

228 2854 272 2915 Et
293 2872 390 2936 quom
415 2850 461 2912 sic
486 2848 563 2912 alias
586 2848 750 2912 concussis
770 2851 901 2911 artubus
922 2848 1049 2911 hinnit?

203 3034 206 3042 Ι
291 2955 483 3026 Postremo,
507 2972 607 3035 genus
625 2949 756 3012 alituum
779 2949 950 3035 variaeque
974 2953 1141 3026 volucres,

228 3053 414 3137 Accipitres
436 3063 530 3137 atque
554 3051 734 3136 ossilragae
756 3052 942 3138 mergeique
965 3054 1093 3117 marinis

227 3157 395 3222 Fluctibus
413 3155 447 3226 iu
468 3155 552 3218 salso
575 3153 693 3216 victum
716 3153 877 3240 vitamque
899 3168 1041 3238 petentes

280 3335 356 3384 1052,
385 3338 541 3394 „nequissimi
561 3336 671 3393 bipedum
690 3339 796 3382 editores
815 3337 848 3395 (i.
864 3353 885 3386 e.
902 3337 929 3383 L.
945 3339 987 3393 11.)
1005 3338 1065 3398 quid
1074 3336 1149 3400 sacto
1166 3348 1233 3386 esset
1250 3343 1338 3399 opos?

225 3409 298 3454 Wak.
350 3405 425 3454 1051.
445 3408 518 3452 soria
535 3420 576 3451 res
594 3408 673 3452 Benil.
728 3405 1032 3464 solemnissimum.
1052 3434 1085 3444 -
1103 3409 1131 3455 id
1147 3412 1207 3455 licet
1224 3427 1237 3456 e
1257 3413 1285 3457 L.
1306 3415 1335 3460 ll.

226 3476 302 3525 1063.
323 3479 359 3522 lta
377 3480 430 3523 iude
448 3477 478 3520 ab
497 3476 541 3521 liv.
558 3483 678 3534 premunt
693 3477 769 3521 Codd.
790 3479 870 3530 (etiam
883 3477 912 3522 C.
926 3477 967 3532 E.)
980 3479 1040 3526 Edi.
1055 3485 1112 3524 veti.
1126 3481 1155 3526 Α.
1178 3503 1206 3513 -
1227 3487 1335 3526 irenreut

224 3549 317 3594 Nonius
331 3546 361 3602 3,
377 3543 436 3593 185.
475 3544 550 3593 1001.
570 3548 665 3591 iactent
677 3545 706 3590 L.
721 3547 751 3594 ll.
766 3551 790 3590 nt
805 3544 834 3600 1,
851 3543 909 3592 990.
947 3547 983 3596 lb.
1000 3553 1112 3606 potentes
1124 3563 1153 3595 er
1166 3549 1242 3596 Codd.
1257 3549 1280 3596 1.
1293 3553 1337 3596 W.

223 3619 315 3663 Eiebst.
335 3619 376 3662 sed
392 3622 504 3674 petentes
511 3647 518 3670 ,
538 3618 601 3672 quod
619 3616 705 3672 reliqui
724 3629 807 3660 omnes
826 3617 913 3668 (etiarn
925 3617 954 3661 C.
966 3617 1008 3671 tt.)
1027 3619 1157 3674 praebent,
1177 3621 1334 3665 restituimus.

224 3685 302 3733 1068.
321 3700 393 3732 esrae
410 3685 470 3730 rat.
485 3685 549 3729 coni.
593 3681 659 3730 1015
672 3690 696 3728 et
710 3682 787 3733 1016.
806 3685 875 3738 „llos
894 3699 977 3730 versos
996 3692 1153 3744 transponunt
1169 3690 1215 3734 Ed.
1230 3691 1293 3734 lunt.
1307 3694 1336 3734 Α.

222 3759 289 3802 idem
308 3770 357 3812 „ex
371 3753 490 3815 iugenio’'
507 3755 574 3810 prius
592 3767 662 3811 qnam
681 3755 747 3797 illam
765 3755 923 3809 inspexisset,
944 3757 1035 3801 iecerat
1052 3759 1125 3802 Wels.
1146 3765 1211 3804 recte
1229 3761 1338 3805 desertus

222 3825 253 3870 ab
266 3826 357 3872 Eiebst.
397 3821 472 3870 1016.
492 3823 527 3868 Ae
540 3836 612 3882 quom
624 3823 663 3867 sie
675 3823 704 3867 L.
718 3824 749 3866 li.
769 3823 883 3880 Explica:
903 3838 995 3882 „quum
1007 3827 1055 3871 alio
1068 3832 1175 3883 tempore
1187 3830 1226 3872 ee'c
1236 3834 1337 3884 temere,

222 3897 288 3940 nullo
316 3895 428 3938 instincto
447 3893 538 3937 amoris
557 3907 600 3938 nee
625 3893 725 3937 bellicas
750 3893 854 3938 ferociae
879 3894 983 3940 hinnit.”
1037 3893 1112 3944 1018.
1141 3898 1237 3942 morini
1257 3899 1337 3943 Bentl.

224 3961 301 4011 1019.
321 3964 401 4008 soleis
419 3963 448 4008 L.
462 3963 492 4007 li.
523 3962 600 4006 Dubia
619 3968 655 4007 est
674 3966 836 4020 construeti03
856 3969 935 4007 utrum
954 3965 1077 4021 insulso,
1099 3967 1339 4030 morinissluetidus

221 4034 312 4079 vietum
327 4037 439 4089 petentes
454 4046 498 4088 per
512 4033 670 4088 appositionis
689 4033 806 4088 speciem,
838 4048 867 4077 an
891 4035 1023 4094 „degentes
1045 4037 1068 4080 in
1088 4037 1188 4080 marinis
1207 4037 1338 4092 fluctibns,

222 4105 310 4147 vietum
329 4106 438 4156 petentes
456 4103 479 4146 in
498 4100 591 4146 salso.”
625 4102 1069 4148 Adilludtarnanenimusiuelinat.
1126 4103 1201 4151 1083.
1223 4107 1257 4150 lla
1277 4106 1337 4150 cod.

222 4177 247 4217 et
259 4169 289 4216 E.
303 4169 364 4215 Edd.
382 4175 440 4214 veli.
454 4171 499 4215 Ae.
519 4171 549 4216 P.
566 4173 609 4216 W.
623 4171 715 4216 Eicbst.
735 4178 759 4216 et
776 4174 923 4230 otniseruut;
944 4174 1029 4230 reliqui
1049 4175 1113 4230 (inde
1126 4175 1155 4219 ab
1167 4171 1211 4229 Α.)
1230 4181 1253 4218 et
1271 4177 1295 4220 in
1315 4182 1341 4219 ut

222 4246 353 4285 mutarunt.
367 4239 465 4284 lisoium
476 4245 553 4286 eutem
561 4245 584 4284 et
592 4265 618 4278 ·-
629 4255 684 4299 qne.
707 4238 949 4290 109t.terraet.1..
960 4243 988 4290 ll.
999 4243 1137 4298 (noqud.)
1158 4241 1340 4290 1091111111

221 4312 300 4356 Bentt.
339 4306 416 4355 10⁹3.
434 4309 513 4354 insito
525 4309 592 4353 Libri
605 4323 688 4354 omues
700 4307 784 4366 (etiam
797 4311 826 4356 C.
840 4309 882 4367 E.)
896 4311 964 4369 idque
978 4313 1083 4356 restituit
1095 4314 1136 4357 W.
1162 4314 1250 4368 Recte,
1264 4318 1337 4370 poto:
