2952 4826
59 208 64 217 ·
204 176 245 236 110

204 333 275 396 Nec
292 329 392 395 miser
415 329 600 412 impendens
623 350 771 415 magnum
792 329 883 396 timet
904 333 979 394 ae‘re
1000 349 1110 393 saxum

205 434 377 510 Tantalus,
399 443 434 494 ut
455 431 540 495 fama
561 443 624 510 est,
653 453 741 496 cassa
762 431 937 498 formidine
959 427 1111 515 torpens}

203 539 268 600 Sed
286 533 389 620 magis
410 533 443 597 iu
466 534 532 598 vita
554 533 663 598 divom
686 546 786 600 metus
806 546 902 619 urget
921 533 1025 598 inanis
1259 533 1320 598 995

202 635 378 702 Mortaleis
402 658 570 721 casumque
590 635 719 713 timent,
743 658 836 723 quem
859 636 1001 722 quoique
1023 636 1106 699 ierat
1128 629 1212 700 sors.

264 742 336 802 Nec
356 737 479 819 Tityon
503 738 653 803 volucres
671 738 778 802 ineunt
797 741 982 803 Acherunte
1005 738 1179 812 iacentem;

104 921 106 926 Ι
202 843 289 916 Nec,
313 844 402 925 quod
420 842 478 903 sub
500 861 616 924 magno
639 851 820 912 scrutentur
839 852 993 923 pectore,
1016 838 1189 924 quidquam

202 945 396 1025 Perpetuam
418 953 551 1006 aetatem
573 954 708 1024 possunt
727 942 871 1024 reperire
893 942 1065 1025 profecto,

203 1043 386 1126 Quamlibet
407 1042 535 1107 immani
554 1043 704 1126 proiectu
728 1043 880 1126 corporis
903 1055 1023 1124 exstet,
1238 1046 1323 1106 1000

203 1146 268 1228 Qui
289 1168 354 1211 non
378 1146 447 1210 sola
466 1167 581 1210 novem
604 1145 758 1229 dispersis
781 1145 893 1231 iugera
915 1145 1065 1210 memhris

204 1247 374 1325 Obtineat,
397 1251 452 1320 sed
471 1247 528 1333 qui
551 1251 651 1312 terrai
669 1249 768 1313 totius
792 1251 924 1313 orbem:

155 1435 157 1441 Ι
203 1353 282 1416 Non
303 1363 407 1414 tamen
428 1361 590 1415 aeternnm
612 1351 733 1432 poterit
755 1351 902 1434 perferre
924 1352 1069 1416 dolorem

202 1455 276 1518 Nee
294 1456 451 1537 praebere
474 1452 580 1516 cibum
602 1452 741 1537 proprio
763 1457 802 1516 de
825 1475 967 1537 corpore
988 1475 1132 1536 semper:

205 1557 269 1618 Sed
291 1554 408 1635 Tityos
428 1554 524 1619 nobis
544 1554 600 1618 hic
621 1567 685 1632 est,
708 1555 742 1619 in
761 1577 872 1620 amore
892 1554 1050 1620 iacentem
1240 1557 1321 1618 1005

203 1658 305 1738 Quem
328 1657 479 1722 volucres
498 1656 640 1720 lacerant
660 1668 755 1742 atque
775 1669 865 1721 exest
887 1656 1000 1720 anxius
1021 1680 1126 1743 angor

204 1760 272 1821 Aut
295 1757 356 1821 alia
378 1757 491 1842 quavis
511 1757 659 1822 scindunt
682 1758 851 1840 turpedine
874 1781 982 1823 curae.

267 1860 424 1943 Sisyphus
445 1859 478 1923 in
499 1859 566 1924 vita
590 1881 719 1945 quoque
740 1858 836 1925 uobis
859 1871 931 1926 ante
950 1863 1064 1926 oculos
1089 1873 1153 1936 est,

196 1961 270 2043 vQui
291 1973 400 2044 petere
420 1984 437 2025 a
459 1963 583 2045 populo
606 1963 721 2027 fasceis
741 1985 913 2050 saevasque
938 1964 1079 2027 secureis

203 2063 336 2134 Irntdhit
357 2075 388 2128 et
410 2085 535 2147 semper
557 2063 663 2129 victus
684 2065 849 2150 tristisque
867 2065 1002 2130 recedit.
1240 2069 1323 2130 1010

205 2168 289 2230 Nam
313 2176 423 2248 petere
445 2165 633 2248 imperium,
657 2170 746 2252 quod
769 2166 861 2232 inane
880 2180 927 2232 est
950 2191 1009 2232 nec
1033 2171 1125 2232 datur
1148 2191 1299 2254 uuquam,

204 2268 313 2353 Atque
337 2267 370 2330 in
390 2288 429 2332 eo
450 2253 575 2350 semper
599 2272 711 2334 durum
733 2273 868 2334 sufferre
890 2273 1055 2346 lahorem,

203 2372 281 2434 Hoc
306 2380 353 2433 est
374 2373 516 2434 advorso
540 2369 700 2434 nixantem
720 2374 850 2435 trudere
870 2383 979 2436 monte

205 2473 345 2548 Saxum,
368 2475 458 2556 quod
478 2483 582 2535 tamen
606 2494 623 2535 a
646 2494 768 2537 summo
789 2471 852 2535 'iarn
876 2474 1003 2538 vortice
1022 2497 1149 2538 rursum

205 2573 363 2637 Volvitur
386 2586 416 2636 et
439 2573 529 2655 plani
550 2573 668 2657 raptim
692 2573 773 2657 petit
794 2596 935 2660 aequora
957 2577 1075 2660 campi.
1244 2579 1324 2641 1015

267 2674 392 2740 Deinde
414 2675 510 2738 animi
527 2676 686 2760 ingratam
708 2689 852 2742 naturam
875 2700 1009 2760 pascere
1031 2699 1157 2763 semper

205 2779 315 2863 Atque
334 2777 465 2860 explere
488 2778 583 2842 honis
606 2782 702 2844 rebus
725 2779 903 2866 satiareque
924 2802 1105 2866 nunquam

206 2881 305 2961 Quod
321 2879 446 2942 faciunt
467 2878 562 2942 nohis
582 2901 737 2946 annorum
759 2892 925 2964 tempora,
949 2882 1070 2946 circum

205 2982 312 3062 Quom
335 2982 470 3047 redeunt
486 2980 632 3066 fetusque
654 2982 761 3047 serunt
783 2982 955 3069 variosque
979 2986 1125 3068 lepores,

203 3086 276 3146 Nec
296 3094 402 3146 tamen
424 3081 591 3165 explemur
613 3082 692 3148 vitai
714 3084 874 3148 fructibus
892 3108 1046 3172 unquam:
1242 3093 1324 3156 1020

204 3266 326 3311 nimirum
345 3280 431 3325 quaec.
474 3267 514 3311 Sic
538 3283 592 3314 rurn
616 3269 671 3314 aliis
696 3269 756 3314 Cdo.
781 3282 849 3314 rnerrs
876 3270 906 3315 C.
939 3277 1067 3326 praeterea
1097 3273 1174 3322 Codd.
1203 3275 1324 3320 Prisciani

203 3337 297 3380 Krehtii
313 3335 343 3390 1,
359 3333 383 3379 6.
404 3335 426 3395 1.
448 3330 489 3381 35.
510 3352 533 3393 p.
553 3335 594 3383 st.
616 3337 667 3396 (qui
686 3345 764 3383 tarneu
783 3340 856 3383 edidit
872 3339 950 3399 Atque
968 3354 999 3384 ec
1017 3342 1138 3386 nimirum
1156 3343 1232 3388 etium
1250 3359 1324 3404 quoe-

205 3419 299 3464 runque
306 3417 317 3458 ;
335 3418 418 3450 verum
436 3413 560 3452 correctus
573 3413 609 3452 est
622 3422 692 3453 error
705 3409 728 3452 iu
741 3408 815 3462 Add.)
830 3414 855 3453 et
864 3413 913 3454 tres
927 3411 1086 3468 antiquissimi
1099 3413 1246 3458 Turicenses
1258 3428 1271 3457 a
1286 3429 1324 3459 me

206 3480 332 3531 propterea
350 3475 459 3530 inspecti.
500 3478 564 3524 llaec
583 3482 662 3521 autem
680 3480 752 3522 lectio
771 3492 813 3522 sua
832 3490 857 3521 sc
877 3480 977 3522 veritate
997 3481 1055 3522 satis
1073 3485 1164 3526 tuetur.
1189 3505 1223 3518 ·-
1246 3481 1324 3542 Atque

205 3546 348 3588 unirnurum
359 3545 434 3590 etium
447 3562 605 3606 quoecumque
617 3547 646 3590 E.
662 3560 715 3590 cum
728 3546 859 3605 plerisque.
872 3546 933 3591 Edd.
949 3553 1006 3593 vett.
1019 3549 1099 3594 Prisc.
1114 3551 1231 3597 Putschii.
1249 3553 1323 3598 Wak.

204 3615 254 3670 (qui
271 3627 324 3656 earn
340 3615 410 3657 Aldd.
426 3615 489 3672 Pio,
510 3618 578 3660 lunta
595 3614 700 3674 Atqui:)
726 3616 800 3662 Forb.
827 3616 886 3659 Scit.
914 3631 985 3673 quum
1010 3620 1084 3662 semet
1108 3620 1185 3679 Atque
1204 3622 1325 3667 nirnirum

204 3688 344 3736 corr-nutum
363 3689 427 3726 esset
444 3687 467 3730 iu
486 3685 564 3744 Atque
582 3685 741 3738 unimurum,
761 3698 845 3728 versus
863 3685 976 3730 fulciendi
989 3700 1060 3731 causa
1075 3689 1222 3733 intruserunt
1239 3691 1325 3738 etium.

207 3753 268 3796 Satis
287 3757 366 3796 autern
385 3757 495 3798 contorte
513 3754 653 3800 deterreores
678 3753 746 3796 huius
766 3755 942 3808 depravationis
967 3756 999 3799 ita
1018 3757 1069 3800 fere
1088 3758 1323 3814 interpretamentum

205 3834 284 3876 „quae
305 3824 333 3863 de
352 3821 437 3865 animis
456 3825 517 3878 apud
530 3823 690 3884 Acherontem
709 3823 802 3877 prodita
821 3827 890 3875 sunt,
911 3837 938 3868 sa
957 3826 1037 3870 ornuiu
1055 3841 1140 3882 reapse
1159 3833 1214 3872 sunt
1232 3829 1255 3872 in
1274 3829 1323 3872 vita

205 3887 356 3932 horninum.''
413 3890 471 3938 996.
492 3905 659 3951 quemcunque
677 3892 706 3935 1..
725 3893 755 3935 11.
775 3893 869 3947 (contra
886 3892 915 3939 C.
932 3891 978 3950 E.)
1033 3894 1091 3941 998.
1111 3896 1176 3955 quod
1193 3898 1217 3940 h.
1233 3900 1249 3940 1.
1268 3911 1325 3941 sanc

205 3961 297 4000 rectum
315 3962 393 4002 tuetur
404 3960 636 4018 C.Ald.habentque
650 3961 679 4004 L.
693 3961 722 4005 11.
743 3986 773 3994 -
794 3960 854 4020 quid
863 3961 923 4005 Cdd.
937 3964 1024 4021 pleriq.
1040 3967 1111 4010 eliam
1123 3967 1153 4010 E.
1168 3967 1236 4010 Brix.
1251 3968 1323 4010 Wak.

204 4026 280 4070 Forh.
304 4047 332 4057 —
354 4027 396 4084 qui
413 4030 457 4077 Ar.
473 4031 607 4085 remen.
646 4027 704 4076 999.
720 4037 829 4087 possunt
847 4031 906 4075 Cdd.
921 4038 1013 4086 septem
1026 4041 1080 4080 aute
1098 4037 1163 4089 noti,
1179 4041 1203 4079 et
1214 4048 1281 4080 inens
1294 4037 1323 4079 C.

205 4096 273 4142 Brix.
287 4096 328 4138 W.
350 4115 379 4126 ·-
395 4104 501 4154 possent
513 4102 572 4144 Ver.
588 4101 651 4144 Vcn.
662 4101 706 4146 Av.
727 4124 759 4134 ·-
775 4106 893 4156 poterunt
904 4102 934 4148 Α.
946 4102 975 4145 L.
988 4103 1017 4146 ll.
1029 4103 1121 4148 Eichst.
1137 4109 1160 4148 et
1175 4118 1204 4148 ex
1214 4110 1326 4149 accurata

206 4165 311 4208 Mencini
331 4164 457 4211 collatione
479 4169 550 4212 etiam
570 4169 614 4213 Cd.
635 4169 665 4214 E.
711 4167 786 4215 1001.
807 4169 935 4228 dispansis
948 4172 1056 4217 l'urneb.
1070 4172 1100 4217 L.
1114 4173 1144 4217 H.
1191 4170 1266 4218 1006.
1286 4187 1326 4217 oo·

207 4234 287 4278 lucris
306 4235 402 4278 turer-ut
421 4237 462 4280 W.
479 4239 542 4285 coni.
583 4235 658 4284 1007.
678 4240 737 4287 11,1.
755 4239 830 4285 Codd.
849 4237 934 4298 (etiarn
949 4240 1031 4296 (1.11.)
1048 4247 1071 4286 et
1085 4241 1146 4290 Edd.
1164 4247 1221 4288 vett.
1239 4255 1325 4301 magno
