2952 4826
237 207 279 270 54

235 360 354 430 Omnia
375 358 547 428 convisunt
569 360 657 426 clara
678 361 751 426 loca
776 357 910 426 candida
930 359 1023 426 luce:

236 467 333 530 Nunc
354 467 452 530 redeo
475 467 514 527 ad
538 463 645 528 mundi
668 461 842 528 novitatem
864 472 897 528 et
917 461 1027 527 mollia
1048 472 1153 526 terrae

235 569 345 643 Arva3
369 587 458 632 novo
480 565 548 629 fetu
569 564 647 652 quid
668 563 806 650 primum
828 563 861 628 in
882 563 1009 629 luminis
1032 584 1107 630 oras

235 669 369 733 Tollere
392 679 423 732 et
444 667 575 732 incertis
597 670 622 743 †
644 671 778 731 eredunt
800 665 1002 732 committere
1025 665 1141 730 ventis.

296 768 466 853 Principio
490 791 589 854 genus
611 772 782 834 herbarum
809 767 1006 854 viridemque
1028 766 1166 832 nitorem

233 875 339 936 Terra
363 871 450 935 dedit
472 871 591 934 circum
616 871 729 936 colleis
752 892 945 956 camposque
967 891 1027 954 per
1050 867 1176 934 omneis

233 973 369 1038 Florida
393 974 550 1037 fulserunt
576 972 725 1036 viridanti
746 983 839 1054 prata
861 973 995 1036 colore:

232 1075 484 1160 Arboribusque
507 1078 644 1138 datumst
670 1073 767 1139 variis
790 1072 904 1138 exinde
926 1095 985 1156 per
1006 1095 1100 1136 auras

234 1175 412 1241 Crescundi
436 1198 582 1261 magnum
604 1175 751 1239 immissis
774 1186 934 1240 certamen
955 1174 1100 1239 habenis.

232 1281 278 1344 Ut
296 1279 404 1362 pluma
427 1289 522 1364 atque
542 1277 619 1361 pilei
639 1276 778 1360 primum
801 1289 950 1362 setasque
973 1288 1123 1340 creantur

235 1381 483 1464 Quadrupedem
507 1380 658 1445 membris
677 1392 708 1444 et
731 1401 873 1462 corpore
894 1378 1176 1462 pennipotentum,

235 1482 291 1546 Sic
310 1505 395 1548 nova
415 1495 479 1546 tum
502 1483 594 1547 tellus
616 1484 735 1547 herbas
758 1481 962 1567 virgultaque
982 1480 1123 1563 primum

234 1585 387 1660 Sustulit3
409 1583 483 1648 inde
504 1584 572 1649 loci
592 1583 740 1648 mortalia
762 1583 847 1647 secla
871 1583 994 1648 creavit

238 1687 345 1750 Multa
369 1687 473 1750 modis
496 1687 622 1762 multis,
648 1685 736 1748 varia
758 1685 882 1750 ratione
904 1698 1034 1752 coorta.

234 1791 318 1853 Nam
342 1809 445 1873 neque
469 1791 507 1851 de
526 1788 615 1852 caelo
639 1787 791 1852 cecidisse
813 1786 959 1851 animalia
980 1799 1130 1872 possunt,

236 1893 308 1954 Nee
331 1889 497 1954 terrestria
520 1893 558 1954 de
580 1889 670 1954 salsis
692 1891 796 1953 exisse
818 1890 952 1954 lacunis.

234 1991 426 2078 Linquitur,
449 2004 482 2056 ut
503 1992 617 2056 merito
641 2004 814 2057 maternum
839 2013 955 2057 nomen
975 1997 1089 2078 adeptu

235 2098 340 2158 Terra
360 2094 419 2170 sit,
442 2117 459 2158 e
478 2106 563 2158 terra
587 2094 736 2180 quoniam
758 2106 829 2158 sunt
854 2107 966 2158 cuncta
989 2106 1109 2160 creata.

235 2197 405 2283 Multaque
427 2219 510 2260 nunc
533 2196 625 2261 etiam
648 2197 804 2261 exsistunt
827 2197 973 2262 animalia
996 2197 1109 2274 terris,

232 2299 399 2363 Imbribus
421 2309 453 2363 et
476 2297 582 2364 calido
606 2298 685 2364 solis
707 2311 861 2364 concreta
881 2321 1023 2383 vapore:

237 2401 311 2482 Quo
335 2400 436 2464 minus
457 2414 504 2466 est
526 2402 657 2478 mirum,
680 2402 708 2466 si
730 2413 795 2464 tum
818 2412 891 2464 sunt
912 2402 1005 2484 plura
1026 2414 1141 2468 coorta

237 2506 282 2568 Et
302 2503 443 2581 maiora,
466 2526 552 2569 nova
570 2503 682 2568 tellure
705 2515 800 2589 atque
820 2506 965 2580 aethere,
989 2504 1108 2568 adulta.

299 2606 488 2690 Principio,
513 2629 612 2691 genus
632 2606 761 2670 alituum
785 2605 955 2691 variaeque
981 2607 1131 2671 volucres

236 2705 310 2774 Ova
330 2708 552 2795 relinquebant
572 2709 720 2774 exclusae
739 2719 885 2792 tempore
906 2729 1028 2774 verno:
1293 2709 1359 2773 800

219 2887 356 2950 missetat,
385 2904 430 2935 nee
449 2890 561 2949 mancipi
580 2905 608 2935 nc
630 2890 749 2936 similibus
767 2895 824 2944 (nec
837 2888 937 2950 sunere
954 2892 1043 2936 Catuli.
1058 2891 1140 2947 Epith.
1154 2889 1208 2937 Pet.
1223 2888 1293 2947 83.),
1314 2892 1357 2938 ubi

233 2977 279 3008 nec
294 2961 436 3016 simplicitet·
454 2965 538 3018 negat,
571 2961 663 3017 antiqui
689 2973 784 3015 semper
802 2962 918 3016 primaria
935 2962 1015 3006 forma
1033 2974 1093 3014 nec,
1113 2975 1160 3005 non
1179 2975 1238 3006 vero
1257 2963 1358 3017 prolun-

233 3037 288 3092 gata
300 3044 328 3074 ac
341 3030 452 3074 molliora
465 3042 543 3088 nepus
555 3031 664 3074 videntur
676 3043 729 3075 esse
741 3031 787 3076 usi.
827 3027 885 3076 tto.
906 3031 941 3076 ltu
955 3031 1031 3076 Godd.
1046 3031 1087 3090 (C.
1101 3028 1144 3086 E.)
1155 3031 1216 3076 Edd.
1231 3037 1287 3079 vett.
1302 3037 1358 3076 ten·

223 3103 278 3147 'dut
296 3100 448 3144 committens
466 3100 503 3143 Pii
520 3100 682 3159 esetnplarin,
702 3099 804 3144 tendunt
821 3102 983 3145 committere.
997 3102 1026 3146 Α.
1048 3101 1153 3145 tentarit
1164 3099 1268 3145 credere
1280 3100 1310 3146 L.
1322 3101 1356 3160 il.

233 3184 296 3229 „per
315 3170 488 3214 exsecrandum
507 3169 598 3212 facinus
618 3173 641 3212 et
659 3169 829 3214 detestabile?
845 3171 918 3214 Wak.
944 3169 1041 3214 Araricus
1061 3175 1158 3214 noster:
1178 3169 1295 3214 creduint
1313 3183 1359 3225 peu·

234 3239 423 3297 synecpbonesin
442 3251 487 3293 pro
505 3237 675 3292 crediderim
705 3237 818 3298 confisa,
848 3253 912 3284 cusu
930 3240 983 3284 sint
1001 3253 1077 3294 ursa,
1107 3240 1214 3309 quamqis
1232 3237 1359 3285 deficiente

234 3310 360 3365 exemplo;
380 3306 482 3352 creduis
501 3310 595 3365 quidem
614 3313 637 3352 et
657 3307 754 3352 creduit
772 3309 845 3353 habes
863 3311 925 3364 apud
943 3310 1064 3354 Plautum.
1100 3309 1196 3352 Etenim
1214 3309 1296 3354 adduci
1315 3309 1359 3354 ille

233 3382 295 3425 haud
314 3383 421 3434 poterat,
452 3382 477 3422 ut
494 3391 548 3422 eum
566 3379 609 3421 W.
629 3380 657 3422 ad
675 3392 699 3424 v.
720 3375 825 3422 credtsnt
844 3381 981 3434 suppleret:
1011 3375 1170 3435 philosophi,
1196 3377 1360 3432 Empedocles

234 3452 289 3496 scil.
309 3461 347 3504 ap.
367 3447 600 3492 Pseudo-Plutarch.
620 3449 648 3492 de
667 3448 761 3503 placitis
774 3448 836 3502 phil.
849 3445 878 3502 5,
895 3446 936 3492 26.
952 3454 975 3492 et
985 3445 1166 3503 Theophrastus
1179 3461 1217 3502 ap.
1233 3447 1358 3502 Porphvr.

233 3523 262 3566 ds
281 3519 369 3564 ubstin.
390 3514 421 3572 2,
441 3514 465 3562 5.
485 3517 561 3562 Forb.
582 3518 652 3562 amici
671 3518 717 3562 mei
739 3518 802 3561 coni.
824 3516 939 3562 creduint
959 3519 1060 3572 recepit.
1100 3517 1201 3560 Poterat
1220 3517 1361 3562 mehercule

233 3590 320 3634 melius
340 3589 412 3632 etiam
429 3587 527 3632 creditit
544 3589 597 3632 scil.
619 3593 697 3631 terra:
730 3589 858 3631 dummodo
882 3588 941 3631 haec
958 3588 1037 3632 torma
1056 3592 1120 3630 esset
1137 3586 1238 3642 perfecti
1258 3587 1361 3630 coniun-

234 3661 305 3716 ctivi;
326 3658 388 3715 quod
406 3657 467 3700 falso
488 3657 583 3711 tradunt
603 3655 758 3700 Gratntnatici
779 3662 802 3700 et
819 3656 995 3715 benicogtmphi
1014 3656 1137 3700 nonnulli:
1168 3657 1210 3700 sed
1235 3654 1359 3710 creduis,
1383 3660 1388 3670 “

233 3728 332 3773 creditit
350 3727 410 3781 apud
429 3727 557 3780 Plautum,
586 3731 611 3768 ut
634 3724 704 3768 elusim
729 3731 752 3770 et
772 3725 891 3782 perducim
917 3730 963 3770 cet.
989 3739 1085 3782 semper
1104 3730 1140 3770 est
1157 3738 1272 3780 praesens
1291 3725 1360 3770 eoni.

233 3799 395 3842 Nihilominus
413 3797 531 3839 sententia
550 3794 677 3838 rnntritesto
696 3795 821 3852 requirere
841 3797 950 3848 videtur,
982 3797 1044 3853 quod
1069 3795 1151 3840 aradaei
1171 3795 1361 3848 interpolatione

233 3869 313 3912 intulit
330 3865 414 3910 Lamb.
434 3865 538 3909 tentarit
561 3863 674 3909 credere.
712 3866 803 3908 Verum
827 3878 886 3908 nunc
914 3877 1018 3910 certseo:
1045 3866 1160 3918 crerint,
1190 3864 1360 3918 decreverint,

233 3937 362 3981 iudicarint
370 3965 377 3988 ,
391 3935 527 3980 statuerint.
548 3934 635 3981 Catuli.
649 3934 730 3989 Epith.
745 3934 798 3978 Pel.
816 3930 872 3979 150.
892 3932 978 3978 Potius
990 3948 1141 3994 germanum
1154 3935 1267 3977 amittere
1277 3933 1360 3977 crevi.

234 4007 314 4050 Locus
329 4010 407 4048 autem
420 4005 579 4060 Theophrasti
593 4005 654 4058 apud
667 4003 830 4058 Porphputum
845 4003 882 4047 hic
900 4009 950 4050 est:
971 3998 1167 4067 Ἐμπεδεκλῆς
1180 3999 1280 4068 aptita
1299 3997 1363 4050 τῶν

234 4070 315 4138 ζώων
333 4069 371 4123 τὰ
389 4071 494 4144 δένδρα
512 4070 546 4122 ἐκ
558 4070 612 4138 γῆς
630 4067 776 4124 avenatios
792 4085 894 4136 φησιν.
914 4097 947 4107 -
965 4069 1078 4142 Δένδρα
1094 4070 1149 4136 μὲν
1167 4067 1225 4141 polp
1242 4066 1279 4135 δὴ
1299 4066 1362 4138 πρὸ

234 4139 317 4207 ζώων
336 4136 480 4192 ἀνέδωκεν
498 4138 518 4207 ἡ
536 4139 588 4207 γῆ·
619 4138 678 4192 τῶν
704 4139 831 4210 δένδρων
857 4138 888 4190 δὲ
907 4138 981 4191 πολὺ
1001 4137 1133 4211 πρόσθεν
1151 4137 1206 4205 τὴν
1225 4136 1366 4189 ἐπέτειον

235 4211 421 4278 γεννωμένην
440 4205 527 4260 πόαν.
572 4210 630 4257 tat.
651 4210 898 4257 intervenienti.
943 4210 1000 4257 789.
1021 4211 1099 4255 corda
1116 4211 1249 4257 unusCod.
1268 4208 1298 4253 0.
1314 4209 1363 4254 W.

236 4287 345 4329 desertus
361 4284 390 4326 nb
405 4279 499 4328 Eicbst.
529 4280 617 4335 Recte,
645 4285 718 4336 puto,
739 4281 794 4326 ticet
812 4279 887 4327 Forb.
907 4293 1000 4339 qnoque
1018 4281 1161 4337 praetulerit
1178 4278 1274 4333 corda,
1293 4280 1363 4336 quod
