2964 4814
232 191 294 256 102

230 349 428 418 Discernens
447 344 544 430 ponti
561 340 776 409 truculentum
796 339 853 406 ubi
875 337 994 404 dividit
1011 341 1152 426 aequor!
1294 337 1354 402 180

229 453 285 518 An
307 449 409 534 patris
431 446 586 514 auxilium
606 467 748 531 sperem,
772 464 906 530 quemne
925 441 996 526 ipsa
1016 439 1151 528 reliqui,

232 557 431 635 Respersum
455 550 603 615 iuvenem
623 549 767 613 fraterna
787 548 883 612 caede
908 544 1038 610 secuta?

232 654 394 741 Coniugis
413 676 452 717 au
472 654 540 717 fido
564 651 717 717 consoler
739 661 852 713 memet
874 669 1001 724 amore,

236 756 341 839 Quinc
364 755 448 842 sugit
467 756 573 819 lentos
593 753 766 817 incurvans
788 750 918 839 gurgite
938 747 1068 813 remos?

231 859 407 924 Praeterea
429 856 518 921 nullo
540 855 632 932 litus,
656 855 726 920 sola
749 854 868 930 insula,
891 863 1000 916 tecto:

230 962 304 1027 Nec
325 971 413 1043 patet
433 981 581 1044 egressus
602 956 712 1042 pelagi
733 954 934 1041 cingentibus
957 941 1066 1029 undis3

231 1062 331 1127 Nulla
353 1061 449 1145 fugae
471 1059 574 1135 ratio,
598 1059 684 1122 nulla
704 1079 797 1140 spes:
821 1056 927 1121 onmia
951 1066 1053 1130 muta,

233 1162 348 1228 Omnia
371 1174 443 1226 sunt
466 1165 606 1237 deserta,
630 1171 792 1225 ostentant
815 1159 922 1224 omnia
942 1157 1053 1220 letum.

231 1267 311 1330 Non
327 1276 430 1328 tamen
448 1276 518 1327 ante
541 1263 617 1327 mihi
635 1262 842 1349 languescent
860 1259 978 1322 lumina
998 1267 1120 1335 morte,

232 1369 305 1432 Nec
324 1367 415 1450 prius
437 1388 455 1429 a
476 1365 563 1431 fesso
584 1369 732 1430 secedent
752 1384 894 1445 corpore
914 1382 1040 1437 sensus,

233 1471 338 1551 Quam
358 1468 470 1532 iustam
489 1491 508 1532 a
528 1468 613 1531 divis
635 1488 808 1550 exposcam
830 1464 961 1547 prodita
983 1462 1112 1526 multam

234 1570 479 1656 caelestumque
501 1572 597 1634 fidem
618 1581 782 1653 postrema
800 1588 992 1649 comprecer
1012 1568 1108 1630 hora.

234 1675 361 1756 Quare,
385 1674 470 1736 facta
492 1671 596 1736 virilm
618 1672 784 1734 multantes
806 1669 934 1732 vindice
956 1688 1062 1750 poena

233 1775 445 1851 Eumenides,
469 1774 585 1860 quibus
606 1773 747 1858 anguino
770 1772 916 1836 redimita
936 1770 1056 1852 capillo

232 1879 342 1943 Frons
361 1875 555 1958 exspirantis
573 1886 763 1958 praeportat
784 1874 927 1957 pectoris
945 1873 1026 1950 iras,

232 1982 310 2045 Huc
328 1981 392 2042 hnc
411 1982 596 2054 adventate,
620 1999 704 2042 meas
729 1978 834 2041 audite
857 1977 1022 2061 querelas;

234 2081 323 2162 Quas
343 2104 406 2166 ego
430 2103 488 2144 vae
512 2080 626 2144 misera
649 2079 800 2144 extremis
821 2079 974 2162 proferre
997 2076 1142 2141 medullis

234 2183 353 2267 Cogor
376 2183 488 2265 inops,
512 2186 643 2259 ardeus,
668 2181 783 2245 amenti
805 2204 900 2246 caeca
922 2181 1049 2245 surore.
1124 2207 1127 2216 ¹

234 2286 324 2366 Quae
344 2286 496 2371 quoniam
515 2307 610 2349 verae
629 2296 802 2348 nascuntur
823 2296 959 2366 pectore
982 2286 1022 2346 ab
1044 2281 1131 2360 imo,

233 2390 307 2452 Vos
326 2387 426 2452 nolite
447 2386 514 2470 pati
535 2398 680 2451 nostrum
704 2407 874 2449 vanescere
898 2386 1037 2449 luctum:

234 2491 297 2554 Sed
320 2488 408 2575 quali
430 2490 530 2554 solam
553 2492 697 2554 Theseus
719 2510 768 2551 me
791 2499 893 2551 mente
915 2487 1064 2572 reliquit,

234 2591 309 2655 Tali
329 2583 449 2668 mente,
474 2596 567 2668 deae,
590 2592 728 2654 funestet
748 2611 844 2675 seque
863 2594 1037 2675 suosque.''
1108 2672 1111 2678 ι

232 2696 303 2759 Has
320 2704 490 2779 postquam
514 2705 633 2757 maesto
655 2691 802 2776 profudit
823 2704 958 2774 pectore
984 2712 1097 2769 voces,

234 2795 435 2879 Supplicium
454 2794 558 2859 saevis
578 2815 757 2877 exposcens
780 2794 874 2856 anxia
892 2793 1004 2870 factis,

237 2940 367 2986 confutavit
376 2941 524 2998 Pinzgerus,
544 2940 589 2983 hoc
603 2939 753 2993 potissimum
766 2943 907 2996 argumento
922 2952 979 2982 usus
987 2971 994 2993 ,
1008 2952 1032 2983 v.
1049 2936 1107 2984 183.
1119 2942 1213 2985 deinum
1223 2945 1356 2989 memorari

232 3011 360 3054 consilium
372 3010 474 3053 Atticam
487 3009 597 3064 petendi;
617 3005 691 3064 (quod
710 3009 781 3051 aliter
799 3008 856 3050 mihi
876 3008 970 3064 quidem
988 3009 1099 3063 videtur,
1120 3025 1192 3067 quum
1211 3011 1243 3055 itai
1257 3013 1285 3056 de
1300 3014 1356 3056 loco

233 3091 316 3124 serino
334 3093 380 3122 non
400 3079 445 3132 ait,
474 3078 636 3122 tantummodo
656 3077 683 3120 de
702 3075 800 3131 pertidia
819 3077 940 3130 'l'hesei:)
969 3083 1093 3132 praeterea
1122 3093 1205 3134 parum
1229 3083 1356 3127 commode

234 3149 281 3193 ista
300 3148 434 3203 periphrasi
453 3161 467 3190 a
485 3151 564 3190 moute
579 3147 637 3189 haud
652 3147 723 3188 nimis
736 3151 792 3190 aoto
807 3148 879 3202 petita
892 3145 1023 3205 significari
1042 3150 1154 3192 Atticam.
1186 3150 1237 3194 lioc
1255 3152 1357 3195 verissi-

233 3230 299 3262 mum
313 3222 358 3261 est.
388 3217 457 3274 Quod
476 3217 496 3260 si
516 3216 638 3271 praeferas
651 3215 772 3259 Idaeosne
786 3217 897 3268 iventii,
919 3217 973 3260 aid.
991 3215 1014 3260 1.
1030 3217 1118 3276 Ging„
1139 3231 1198 3275 quae
1211 3219 1275 3263 coni.
1291 3225 1357 3265 ceia-

232 3287 274 3344 ris¹
286 3290 405 3342 praestat,
426 3285 572 3340 explicabis:
602 3290 758 3340 „repetamus
777 3285 874 3329 Cretam
893 3290 962 3342 atque
982 3287 1004 3330 in
1025 3287 1079 3329 ldae
1099 3288 1241 3332 solitudines
1260 3303 1298 3333 ms
1312 3290 1355 3333 ab·

233 3357 302 3401 dam:
323 3361 347 3398 at
365 3367 421 3399 num
440 3361 524 3410 potero
543 3355 575 3398 ilai
594 3356 668 3409 patris
687 3356 803 3399 auxilium
822 3353 962 3409 sperare?''
997 3356 1303 3413 llancigiturlectionem,
1325 3372 1355 3402 cx

232 3430 300 3482 parte
325 3426 396 3469 etiam
415 3425 536 3482 Pinzgero
565 3425 689 3479 probatam
720 3425 743 3467 in
771 3426 824 3468 loco
852 3425 1001 3468 conclamato
1025 3427 1144 3479 expressi.
1187 3426 1278 3471 Omnes
1302 3427 1355 3472 iere

232 3499 334 3540 recentt.
351 3496 434 3549 (etiam
448 3493 515 3549 Siti.)
531 3495 634 3548 amplexi
651 3498 706 3537 sunt
720 3494 802 3538 Vossii
820 3494 883 3537 coni.
899 3493 1087 3548 Idomem'oane,
1113 3496 1143 3538 ab
1160 3496 1286 3549 Idomene,
1302 3498 1356 3540 Ma·

232 3565 346 3610 cedoniae
365 3565 452 3620 oppido
471 3577 544 3618 prope
563 3562 622 3607 fines
641 3563 774 3615 Thraciae,
794 3563 824 3605 ab
844 3564 987 3617 ldotneneo,
1008 3565 1097 3608 Minois
1116 3570 1218 3618 nepote,
1238 3566 1354 3623 eondit03

231 3649 292 3693 quae
311 3635 406 3691 quidem
425 3636 496 3679 lectio
516 3633 603 3687 triplici
622 3633 774 3675 incommodo
788 3631 895 3686 laborat,
916 3633 1108 3688 anachronismi,
1129 3635 1198 3677 metri
1214 3635 1354 3694 posthabiti,

231 3718 260 3749 ae
279 3706 372 3759 putidae
392 3703 543 3747 eruditionis.
581 3701 631 3744 Cur
649 3701 712 3744 enim
731 3715 786 3755 prae
805 3701 915 3744 otnnilaus
934 3704 987 3746 aliis
1007 3703 1130 3747 Bottiaeos
1149 3708 1242 3746 montes
1261 3718 1354 3748 inemo-

231 3778 299 3817 raret
317 3774 406 3816 misera
425 3769 523 3826 puella?
547 3794 579 3803 -
606 3769 783 3814 ldomeneoane
802 3771 900 3814 Lachm.
929 3771 955 3814 ln
975 3785 1042 3829 seqq.
1063 3785 1149 3815 rursus
1168 3775 1283 3828 quaedam
1304 3778 1355 3817 tur·

231 3843 287 3887 bata
306 3846 374 3886 sunt:
396 3842 552 3897 praetulimus
570 3840 653 3884 vossii
672 3841 807 3885 lectionem.
828 3861 861 3872 -
880 3853 895 3881 o
909 3840 977 3884 aido.
999 3847 1025 3885 at
1043 3843 1107 3885 Mur.
1128 3841 1202 3885 Doer.
1223 3841 1265 3885 obi
1283 3843 1355 3886 nimis

231 3925 277 3967 pro
295 3912 398 3966 imperio
417 3913 518 3956 eiecisse
536 3911 646 3955 videntur
665 3910 730 3952 Mur.
744 3910 776 3952 al.
798 3929 831 3941 -
849 3907 998 3954 discurrens
1017 3910 1078 3955 Cod.
1101 3911 1169 3954 Statii
1191 3911 1277 3954 blanda
1296 3925 1354 3955 sane

232 3982 433 4038 interpolatione;
459 3982 529 4038 longe
553 3981 658 4023 deterius
683 3984 719 4024 est
745 3979 844 4024 Wahei.
872 3978 1019 4038 decerpens.
1054 3981 1116 4024 'l'um
1134 3978 1267 4024 discedens
1287 3981 1353 4025 ltali.

234 4046 293 4095 185.
313 4050 353 4094 Sic
366 4049 427 4095 Cdd.
440 4050 511 4095 Aleld.
524 4049 578 4098 Sili.
593 4049 691 4093 hechin.
710 4069 744 4081 -
763 4047 807 4093 Pr.
821 4050 891 4094 nullo
907 4051 979 4104 (litus
992 4050 1085 4102 colum)
1103 4049 1188 4093 insula
1201 4056 1264 4094 tecto
1277 4052 1352 4096 Voss.

234 4143 268 4155 -
286 4117 422 4163 Praetereo
438 4119 500 4164 litus
518 4119 588 4164 nollo
605 4120 661 4164 sola
679 4118 697 4163 ι’.
718 4123 735 4164 t.
762 4119 816 4164 Scal
844 4119 907 4164 coni.
929 4119 1031 4167 Corrad.
1049 4121 1126 4163 Doer.
1157 4143 1190 4153 -
1217 4118 1354 4163 Praeterea

231 4189 309 4244 litus,
326 4183 399 4234 'trullo
417 4189 543 4233 solumina
561 4194 578 4237 t.
598 4188 702 4235 lluschlt.
714 4187 760 4243 Ep.
775 4189 829 4233 crit.
843 4203 868 4244 p.
884 4186 943 4234 102.
963 4191 1000 4234 cui
1016 4189 1097 4233 obstat
1112 4188 1227 4233 Ovidiana
1239 4189 1352 4250 imitatio.

233 4259 292 4309 lier.
306 4255 353 4314 10,
374 4255 416 4305 59.
443 4256 509 4319 Quid
518 4253 640 4317 socium?
664 4269 711 4317 quo
728 4258 783 4302 sola
794 4253 892 4317 sarar?
915 4264 989 4305 vacet
1005 4258 1092 4303 insula
1109 4259 1186 4303 culto.
1206 4257 1353 4312 (Praetereo
