2964 4814
138 397 249 473 Atque
272 389 388 452 utinam
413 385 521 469 primis
545 387 677 448 animam
702 405 749 446 me
771 404 894 466 ponere
917 383 1006 446 cunis

151 511 155 516 ·
203 492 352 554 Iussisset
375 487 505 572 quaevis
529 490 567 550 dc
590 487 693 549 tribus
717 507 777 548 una
800 489 918 548 soror!

139 595 222 654 Natu
246 603 395 675 quotam
420 590 532 652 dubiae
555 598 702 650 servetur
725 585 855 669 spiritus
878 587 1003 650 horae?

206 694 357 758 Nestoris
380 704 427 755 est
452 691 537 755 visus
560 701 635 771 post
658 689 716 751 tria
739 689 822 751 secla
842 687 933 750 cinis.

142 795 206 860 Cui
228 797 255 858 si
277 808 339 857 tam
362 795 479 876 longae
502 791 664 854 minuisset
685 791 750 853 sata
773 800 918 852 senectae
997 789 1003 804 '

207 895 348 959 Gallicus
369 894 474 958 Iliacis
497 893 584 956 miles
607 892 638 954 in
661 882 848 975 aggeribus,

141 1000 219 1060 Non
240 998 292 1060 ille
315 995 478 1060 Antilochi
503 995 634 1056 vidisset
655 1015 774 1074 corpus
796 992 937 1066 humari;

205 1099 336 1162 Diceret
362 1108 437 1159 aut:
462 1098 514 1169 „0
538 1117 643 1169 mors,
668 1116 725 1156 cur
749 1094 822 1156 mihi
845 1115 915 1156 sera
940 1093 1079 1157 venis?'’

142 1203 196 1262 Tu
218 1211 322 1262 tamen
346 1199 460 1260 amisso
484 1197 729 1280 nonnunquam
752 1194 843 1258 llebis
867 1195 988 1259 amico:

206 1302 269 1363 Fas
292 1312 338 1363 est
360 1298 550 1382 praeteritos
574 1318 698 1378 semper
720 1317 825 1359 amare
848 1295 950 1359 viros.

142 1403 270 1477 Testis,
295 1402 346 1463 cui
367 1401 494 1463 niveum
518 1402 677 1481 quondam
699 1398 856 1481 percussit
878 1398 1009 1461 Adonin

204 1506 384 1565 Venantem
407 1501 509 1564 Idalio
534 1500 654 1564 vertice
677 1503 773 1563 durus
797 1521 895 1581 aper:

141 1604 209 1666 Illis
231 1605 409 1666 formosum
431 1603 564 1666 iacuisse
587 1602 772 1683 paludibus,
796 1601 871 1664 illuc

204 1705 331 1768 Diceris
354 1705 530 1779 effusatu,
555 1707 689 1780 Venus,
714 1703 776 1765 isse
800 1724 903 1765 coma.
997 1703 999 1708 ’

142 1809 207 1869 Sed
226 1807 346 1868 frustra
369 1818 473 1870 mutos
496 1805 686 1880 revocabis,
713 1805 871 1884 Cynthia,
896 1806 1031 1869 Manes:

206 1911 287 1971 Nam
310 1927 376 1969 mca
401 1907 477 1992 quid
499 1919 650 1987 poterunt
673 1928 744 1970 ossa
768 1905 884 1969 minuta
907 1907 1024 1990 loqui?

423 2096 521 2156 Lrnnr
545 2093 593 2156 ll.
638 2093 816 2156 ELEGIA
838 2091 970 2156 XXVI.

140 2212 221 2274 Vidi
242 2223 273 2274 te
296 2213 327 2274 in
350 2212 468 2277 somnis
490 2213 611 2288 fracta,
637 2233 703 2273 mea
727 2213 811 2287 vita,
836 2211 943 2272 carina

205 2313 301 2377 Ionio
323 2315 420 2376 lassas
444 2317 558 2377 ducere
582 2331 659 2376 rore
682 2335 792 2375 manus

140 2417 184 2477 Et
207 2436 412 2499 quaecunque
434 2416 466 2478 in
491 2437 538 2478 nre
561 2414 666 2477 lucras
689 2414 818 2476 mentita
841 2415 936 2477 lateri

205 2518 274 2580 Nec
296 2516 355 2578 iarn
379 2520 512 2580 humore
536 2537 650 2600 graves
673 2516 789 2578 tollere
811 2537 908 2596 posse
931 2537 1057 2591 comas,

140 2617 275 2696 Qualem
297 2617 469 2698 purpureis
492 2617 639 2700 agitatam
661 2617 808 2681 fluctibus
833 2616 967 2692 Hellen,

182 2719 292 2780 Aurea
316 2740 408 2802 quam
434 2719 523 2781 molli
546 2730 678 2802 tergore
699 2720 789 2781 vexit
812 2719 895 2781 ovis.
1002 2789 1005 2796 ,

139 2819 242 2898 Quam
265 2818 377 2894 timui,
402 2841 442 2881 ne
463 2821 551 2882 sorte
574 2832 660 2882 tuum
685 2843 773 2884 mare
796 2841 912 2884 nomen
935 2823 1066 2884 baberet

205 2921 316 3004 Atque
339 2931 391 2982 tua
412 2921 524 2984 labens
547 2921 652 2984 navita
673 2923 767 2984 fleret
789 2925 885 3006 aqua!

140 3022 232 3101 Quae
254 3033 321 3084 tum
344 3043 407 3105 ego
432 3019 610 3104 Neptund,
635 3035 802 3108 quactum
826 3045 897 3085 cum
923 3021 1059 3088 Castore
1080 3025 1194 3102 fratri,

139 3185 218 3228 Simili
234 3186 341 3229 aeunnine
361 3183 485 3228 Glnueiua
506 3187 522 3230 i.
545 3200 566 3230 e.
588 3187 727 3240 Sarpedon,
747 3185 840 3230 Censor
864 3187 945 3230 nescio
967 3187 1006 3242 qui
1029 3187 1151 3244 lenensis,
1172 3197 1196 3234 et
1215 3203 1259 3248 ego

138 3255 285 3310 aliquando:
305 3251 444 3307 Malliana,
466 3267 527 3308 pro:
548 3254 678 3308 Mallotes,
709 3269 722 3298 a
743 3255 818 3297 Mallo
839 3254 939 3298 Ciliciae
963 3255 1043 3309 urbe,
1064 3257 1132 3302 ltiad.
1154 3259 1175 3318 ζ.
1197 3257 1257 3304 897.

139 3323 186 3366 Sed
213 3323 271 3366 haec
302 3323 381 3365 oannis
401 3323 503 3365 ludibria
530 3328 586 3366 sunt
613 3324 637 3367 in
664 3336 717 3366 voc.
737 3325 793 3376 vei,
823 3328 848 3366 nt
865 3325 985 3376 diximus,
1005 3325 1145 3377 explicando
1166 3328 1217 3380 vol,
1240 3329 1260 3372 si

138 3391 185 3434 boc
214 3405 261 3434 non
286 3389 388 3444 suffieit,
421 3404 465 3445 pro
494 3393 620 3446 desperato
645 3392 715 3434 nobis
739 3391 856 3436 babendo.
913 3389 955 3436 33.
982 3393 1016 3434 lta
1041 3393 1118 3437 Codd.
1141 3395 1258 3451 plerique.

138 3459 200 3503 Ede.
212 3456 318 3502 inmoti.
357 3457 567 3504 tumidusne.
581 3460 610 3504 1..
626 3461 673 3503 lar.
683 3484 716 3494 -
726 3460 769 3518 qui
781 3460 856 3504 Codd.
868 3461 928 3504 aliae
944 3459 1004 3503 Edd.
1020 3483 1052 3494 -
1064 3459 1148 3505 Tertia
1163 3492 1169 3515 ,
1189 3477 1260 3520 quem

138 3553 148 3563 -
166 3553 175 3563 -
192 3527 338 3583 percussit:
367 3525 472 3571 Adonis.
493 3529 583 3572 Mar-lit.
639 3526 681 3573 39.
700 3529 722 3572 A
739 3530 961 3586 mutanduvutgata
982 3527 1157 3580 abstinuimus,
1188 3543 1260 3585 quum

139 3597 329 3640 ernendatioimtn
353 3611 366 3638 a
392 3597 483 3640 criticis
508 3598 685 3652 propositarum
703 3599 767 3641 nulla
794 3597 935 3641 satisfaciat.
989 3596 1116 3639 Fluctuant
1140 3597 1195 3640 libri
1225 3600 1260 3642 in·

139 3670 176 3708 ter
194 3663 251 3707 Illis
269 3669 293 3707 et
309 3663 382 3717 litte,
402 3665 531 3718 iacuisse,
546 3665 650 3726 flevisse
669 3670 692 3710 et
709 3667 812 3719 leviare,
833 3667 895 3722 quod
910 3679 935 3710 se
954 3663 1066 3720 probavit
1084 3665 1185 3708 Censori
1206 3666 1258 3710 len.

139 3757 172 3767 -
185 3731 243 3775 Illic
254 3728 399 3790 formosum
413 3733 534 3794 flevisse,
550 3734 689 3790 paludibus
702 3735 756 3777 illie
774 3735 880 3779 Huschlr.
895 3757 924 3771 -
936 3733 993 3777 Illic
1004 3730 1131 3793 formosis
1149 3732 1261 3779 inruisse

133 3799 294 3858 pulrididua,
323 3802 384 3844 illue
402 3801 500 3846 Lachrn.
538 3803 584 3846 Sed
603 3805 631 3846 de
643 3799 768 3860 sarmosia
783 3801 922 3859 paludibus
940 3803 1037 3856 paucis,
1070 3804 1173 3855 opinor,
1205 3815 1260 3856 per·

139 3869 249 3921 suadebit
268 3869 349 3912 V.-D.
396 3868 462 3926 (lpse
481 3871 504 3914 in
526 3883 574 3915 sec.
598 3870 643 3914 Ed.
665 3875 689 3914 et
706 3871 755 3930 Ine.
774 3875 882 3914 nostram
903 3873 958 3914 lect.
980 3875 1115 3914 servarunt.
1153 3869 1260 3916 Confusa

139 3938 225 3992 duplex
245 3942 281 3981 est
299 3940 463 3992 constructio:
483 3939 636 3993 „formosum
654 3940 756 3984 iacuisse
775 3940 872 3999 dieunt,
892 3940 948 3983 illuc
967 3939 1053 3983 diceris
1078 3943 1103 3981 tn
1122 3935 1209 3996 isse.”)

515 4044 570 4089 Lis.
590 4045 623 4088 11.
660 4043 756 4089 ELEG.
776 4043 872 4088 xxm.

109 4156 115 4173 ·
191 4135 234 4182 td.
252 4139 391 4195 „excipere
409 4139 503 4184 rariore
523 4153 566 4184 usu
583 4145 620 4184 est
631 4141 734 4195 pacisci,
756 4145 781 4183 nt
793 4140 867 4184 certis
886 4139 975 4196 aliquid
995 4137 1170 4184 conditionibus
1189 4138 1260 4188 fiat.''

136 4205 242 4252 Baikor.
272 4207 308 4251 lb.
336 4207 388 4250 ium
406 4207 484 4252 dena
514 4209 643 4256 Cdd.1ac.
665 4206 712 4253 L2.
736 4221 816 4266 „qnae
836 4221 908 4266 quum
936 4209 1046 4252 mortalis
1071 4208 1129 4252 olim
1155 4208 1259 4261 fuisses,

136 4288 198 4319 nnnc
222 4287 338 4330 praesens
362 4289 388 4320 es
410 4277 487 4322 ΒΜ
505 4299 538 4311 -
556 4282 607 4322 tum
627 4276 675 4323 den
693 4278 786 4345 Vulgo.
