2946 4816
225 199 290 280 tbi

224 371 308 437 Nam
331 369 453 436 scelere
474 365 507 432 in
529 375 619 431 tantu
640 385 680 430 ne
702 383 837 451 quaeras
859 373 913 429 aut
934 364 1080 440 dubites,
1105 385 1146 428 an

225 472 337 540 Prinia
360 474 553 553 voluptatem
577 467 651 554 gula
673 464 821 532 senserit.
864 466 1002 533 Ultimus
1029 479 1133 530 antem
1307 467 1350 532 90

226 575 290 656 Qui
313 574 398 640 stetit
421 575 591 654 absumpto
613 569 676 633 iam
699 580 772 636 toto
794 589 956 652 corpore,
982 568 1084 634 ductis

225 679 293 743 Per
315 687 432 741 terram
456 672 581 757 digitis,
606 671 724 758 aliquid
746 673 786 734 dc
808 670 961 754 sanguine
985 681 1105 756 gustat.

225 781 413 854 Vascones,
437 786 473 838 nt
494 775 578 839 lama
601 784 670 851 est,
694 772 849 838 alimentis
871 773 988 836 talibus
1011 773 1087 836 oliui

225 881 420 948 Produxerc
441 875 581 954 animas,
606 877 664 940 sed
684 889 738 939 res
760 873 906 951 diversa,
931 877 988 938 scd
1009 873 1076 938 illic

225 985 389 1048 Fortunae
410 977 530 1042 invidia
551 988 600 1042 est
621 977 846 1062 bellorumque
867 975 995 1054 ultima,
1021 998 1114 1042 casus
1306 978 1347 1041 05

225 1080 391 1159 Extremi,
414 1081 532 1166 longae
555 1079 623 1144 dira
646 1075 825 1143 obsidionis
848 1091 988 1163 egestas.

225 1184 332 1251 Huius
354 1182 456 1259 euim,
480 1183 568 1268 qrrod
591 1201 674 1244 urano
696 1181 821 1263 agitur,
845 1180 1023 1244 miserabile
1046 1182 1141 1245 debet

225 1287 416 1369 Exemplum
440 1305 511 1349 esse
533 1282 616 1348 cibis
638 1283 721 1346 sicut
743 1284 840 1346 modo
862 1282 947 1347 dicta
969 1282 1045 1346 mibi
1069 1305 1147 1368 gens

225 1389 311 1455 Post
332 1409 442 1452 omues
463 1388 599 1461 herbas,
622 1395 699 1469 post
719 1395 832 1448 cirncta
854 1384 1017 1462 animalia,
1042 1384 1197 1476 quidquid

226 1491 379 1576 Cogebat
401 1487 494 1554 raclii
514 1487 637 1553 ventris
658 1487 773 1562 luror,
795 1486 944 1551 hostibus
966 1486 1043 1568 ipsis
1284 1489 1351 1552 100

225 1592 390 1658 Pallorem
413 1612 449 1654 ac
471 1589 602 1653 maciem
625 1600 656 1652 et
677 1599 788 1656 lenires
810 1587 1034 1652 miserantibus
1056 1600 1164 1666 artus,

225 1696 378 1761 Membra
401 1693 499 1757 aliena
520 1692 605 1757 fame
627 1691 832 1766 lacerabant,
856 1710 925 1754 esse
948 1689 1051 1772 parati

225 1797 271 1862 Et
292 1817 361 1860 sua.
406 1795 559 1877 Quisnam
581 1791 744 1857 bominum
768 1791 890 1856 reniam
914 1795 989 1856 dare
1011 1791 1124 1877 quisve
1146 1794 1281 1858 deorum

226 1898 405 1962 Ventribus
428 1894 574 1960 abnuerit
597 1895 664 1958 dira
688 1903 784 1978 atque
805 1893 950 1957 immania
974 1894 1077 1975 passis

225 2001 270 2066 Et
293 1999 406 2083 quibus
428 1998 556 2063 illorum
579 2007 732 2080 poterant
752 1995 923 2080 ignoscere
947 1998 1082 2072 Manes,
1285 1999 1348 2064 105

226 2103 374 2181 Quorum
397 2099 591 2184 corporibus
614 2097 850 2162 vescebantur?
873 2097 994 2162 Melius
1017 2119 1076 2162 noe

226 2202 368 2268 Zenonis
389 2211 561 2285 praecepta
584 2212 733 2264 moneat:
756 2201 917 2264 necerim
941 2201 1067 2279 omnia,
1092 2203 1246 2285 quaedam

225 2306 294 2370 Pro
317 2304 383 2368 vita
403 2303 545 2368 facienda
567 2313 674 2385 putat.
718 2303 782 2366 Sed
804 2299 965 2366 Cantaber
988 2304 1071 2365 nude

227 2405 377 2483 Stoicus,
401 2405 523 2490 antiqui
544 2403 730 2487 praesertim
753 2414 856 2466 aetate
879 2403 1030 2468 Metelli?

225 2509 321 2572 Nirnc
343 2517 430 2573 totus
454 2505 569 2570 Graias
590 2505 783 2590 nostrasque
804 2506 901 2570 babet
923 2505 1019 2570 orbis
1033 2506 1196 2585 Athenas;
1285 2509 1351 2572 110

227 2610 332 2673 Gallia
355 2608 531 2674 causidicos
551 2608 664 2674 docuit
685 2609 820 2673 facunda
842 2605 1035 2684 britanuos;

144 2746 147 2756 ›
225 2711 277 2778 De
300 2712 507 2778 conducendo
528 2709 753 2795 loquitur'iaru
774 2709 906 2775 rbetore
929 2710 1048 2775 Thule.

297 2909 339 2959 9³.
359 2909 501 2965 Vascones,
521 2909 582 2956 ltasc
595 2905 673 2970 sama
690 2917 729 2956 est
748 2909 810 2968 llup.
835 2915 918 2956 contra
936 2922 1003 2956 meos
1022 2910 1082 2957 Cdd.
1099 2915 1123 2956 et
1146 2909 1220 2957 wib.
1257 2911 1351 2959 Penul·
1378 2951 1384 2960 .

226 2982 309 3026 limam
327 2997 341 3026 a
353 2983 446 3026 Latinis
465 2986 601 3037 correptam
618 2981 711 3036 inisse,
738 2981 783 3026 etsi
799 2973 976 3042 Otla'mttnveg
994 2979 1094 3024 Graecis
1111 2981 1224 3036 audiunt,
1245 2983 1349 3028 demon-

226 3055 302 3095 strant
326 3054 434 3106 exempla
455 3050 579 3095 Prudentil
607 3055 630 3095 et
656 3049 752 3095 Paulini
771 3049 887 3104 Rupertio
909 3047 1154 3106 laudats,·quorirca
1178 3053 1350 3096 emendatione

223 3113 354 3164 Vascones
367 3117 443 3178 samu
461 3125 499 3164 est
516 3112 593 3164 facile
608 3132 727 3164 carcinus.
765 3119 932 3178 lntelliguntur
951 3123 1030 3162 autem
1043 3113 1220 3177 Calagurritani
1240 3121 1263 3164 in
1284 3121 1350 3165 bello

226 3190 368 3233 Sertoriano
389 3203 404 3233 a
422 3191 467 3234 Cn.
485 3189 602 3243 Pompeio
621 3187 746 3233 obsidione
766 3187 854 3240 cincti,
884 3190 925 3233 sed
945 3187 1028 3234 eadem
1048 3189 1143 3232 tandem
1161 3188 1258 3233 liberati
1278 3203 1303 3234 u.
1323 3203 1349 3236 c.

227 3256 287 3304 679.
318 3271 342 3303 v.
370 3258 423 3306 Lir.
448 3259 513 3313 Epit.
541 3253 582 3306 93.
608 3259 664 3302 val.
690 3259 757 3302 Max.
779 3254 808 3312 l,
830 3253 866 3311 6,
886 3253 916 3309 2.
938 3255 962 3303 ³.
982 3255 1086 3312 Appiae.
1105 3257 1134 3301 ll.
1154 3257 1213 3302 Cina
1231 3256 1263 3312 1,
1286 3257 1350 3305 112.

225 3327 276 3374 Pro
297 3327 372 3382 olim,
402 3328 443 3371 usi
461 3331 552 3382 septem
568 3329 625 3371 mci.
645 3325 704 3375 ach.
754 3322 795 3372 95.
815 3325 936 3369 bellorum
955 3326 1067 3372 culmina
1084 3325 1115 3388 bl.
1166 3321 1226 3371 101.
1247 3325 1351 3372 Ventri*

225 3393 282 3455 bus]
309 3397 402 3442 Valerii
418 3397 482 3441 coni.
505 3397 588 3451 recepi
604 3409 665 3440 nuuc
687 3409 740 3440 culn
761 3393 835 3440 wan.
855 3407 900 3450 pro
922 3393 1025 3440 Viribus
1044 3395 1145 3450 (septem
1164 3396 1221 3440 mei.
1244 3395 1350 3456 Vulgo.)

226 3490 260 3501 -
279 3463 387 3510 Urbibus
405 3467 482 3510 Codd.
502 3465 559 3522 aliq.
579 3462 698 3521 (Civibus,
717 3463 843 3518 Portibus,
864 3462 971 3509 Talibus
983 3464 1076 3520 entitas
1090 3464 1152 3518 llnp.
1170 3463 1350 3524 coniecturae.)

227 3532 286 3581 1⁰8.
304 3541 395 3592 putant
411 3534 550 3580 ABCDEG.
592 3531 652 3581 109.
672 3536 701 3592 Q.
725 3533 977 3579 CaeciliusMetellus
998 3533 1075 3586 Pius,
1096 3531 1214 3578 Numidici
1232 3533 1267 3579 nt.
1291 3549 1351 3580 eon-

225 3610 264 3649 tra
290 3605 425 3648 Sertorium
453 3617 505 3648 cunr
531 3605 647 3658 Pompeio
681 3604 769 3647 bellurn
796 3602 880 3661 gessit.
930 3600 1088 3650 ttts'num
1108 3607 1211 3646 'versum
1241 3604 1348 3650 orn.'l).

227 3669 286 3718 114.
307 3673 435 3733 Saguntos
462 3671 534 3718 ABG.
583 3669 641 3716 123.
670 3671 791 3716 invidiam
807 3667 901 3729 sacas-s
919 3672 999 3716 alicui
1016 3685 1063 3716 uon
1083 3676 1120 3716 est
1137 3671 1218 3725 „iram
1242 3677 1265 3716 et
1283 3673 1348 3716 iudi-

225 3744 362 3802 gualioncin
389 3743 525 3796 ruosere'',
554 3745 580 3787 ut
605 3743 677 3800 uulgo
701 3743 906 3798 interpretantur;
936 3743 979 3786 sed
1005 3739 1169 3795 „invidiosum
1198 3737 1348 3802 (gebiissig)

147 3853 149 3862 ,
224 3813 326 3856 reddere
349 3813 454 3868 aliquem
483 3810 715 3856 criminationibus.”
749 3809 794 3854 Est
813 3810 901 3870 igitur:
932 3809 1114 3865 ,turpioremue
1135 3822 1232 3854 causam
1251 3815 1276 3856 et
1299 3823 1348 3868 qua

225 3881 284 3924 deus
300 3880 368 3925 Nilus
388 3882 486 3938 eiusque
508 3885 588 3935 terra,
618 3883 738 3940 Aegyptus
756 3880 823 3940 ipsa,
846 3879 924 3937 magis
942 3881 1160 3932 dehonestaretur,
1180 3879 1270 3925 afferre
1288 3893 1348 3935 pos·

226 3953 294 4008 tent,
320 3950 341 4010 si
362 3949 431 3994 Nilus
452 3950 579 4007 aliquando
602 3950 647 3995 tale
672 3945 815 3994 rnalcficiurn
834 3949 927 3992 ulturus
945 3961 1045 4008 surgere
1064 3961 1092 3992 ac
1113 3949 1248 3993 redundare
1270 3949 1350 3996 nollet

224 4009 426 4077 Meinpnuicaque
444 4020 511 4077 regio
530 4019 637 4063 siccitate
659 4015 846 4078 affligeretur-P·
881 4017 972 4062 Contra
996 4017 1028 4062 G.
1047 4015 1079 4061 Ε.
1099 4015 1239 4063 Weberns':
1271 4017 1348 4075 „bu,

225 4085 246 4131 si
269 4085 331 4130 torte
354 4086 475 4146 Aegyptus
496 4088 602 4132 siccitate
624 4087 761 4142 laboraret,
797 4085 873 4146 magis
897 4087 987 4132 crudeli
1008 4083 1129 4130 sacrificio
1151 4083 1233 4130 Nilum
1257 4087 1350 4134 iratum

225 4155 360 4211 potuissent
377 4154 497 4201 exorare?
533 4157 558 4200 st
583 4155 615 4201 dii
637 4157 771 4212 pertinaces
793 4161 847 4200 suut
870 4157 894 4200 in
912 4155 1053 4212 spernendis
1072 4155 1195 4199 bominum
1214 4157 1348 4212 precibus,

226 4221 351 4268 sacrificiis
370 4225 492 4278 insolitis,
512 4215 633 4270 interdum
650 4226 753 4271 fortasse
773 4226 845 4269 etiarn
868 4226 982 4283 sangnine
1005 4225 1126 4279 humanu,
1146 4225 1253 4283 placandi
1273 4230 1347 4272 suut:

226 4293 250 4338 id
268 4297 367 4349 propter
386 4294 553 4338 necessitatem
571 4301 671 4350 eorum,
701 4295 741 4353 qui
759 4293 794 4339 sic
809 4293 847 4340 ira
863 4296 960 4340 caelesti
978 4300 1137 4352 premuntur,
1167 4299 1283 4340 excusant
1302 4294 1350 4339 bo.
