2948 4820
394 377 449 444 Sic
471 397 535 462 ego
559 375 687 466 Gallos}
711 395 813 460 neque
835 373 879 438 mi
899 373 1016 440 licebat

396 483 483 548 Orsa
506 479 630 542 mutatis
652 490 783 542 tenuare
805 477 926 542 verbis.

396 583 508 649 Gutus
531 592 563 647 et
584 581 724 666 linguam
746 579 832 644 subit
855 590 886 643 et
909 590 1074 644 moventes

480 683 629 750 Carmina
653 705 784 749 nervos.

397 827 520 910 Sponte
542 827 671 888 vocales
693 845 830 888 sonuere
851 843 964 887 venae.
1054 869 1056 875 .

397 934 521 1012 Sponte
543 947 711 993 succussae
733 938 893 990 tremuere
917 927 1069 990 chordae.
1166 944 1169 952 ’

397 1032 495 1097 Haud
517 1030 577 1094 mei
598 1029 694 1104 iuris,
717 1028 833 1112 rapido
855 1030 985 1093 ferebar

482 1132 634 1198 Flaminis
657 1143 780 1197 oestro.

400 1272 512 1356 Qualis
535 1271 565 1335 in
589 1283 691 1355 ponto
714 1271 803 1336 volat
825 1283 893 1335 acta
917 1271 1028 1347 navis,

398 1376 484 1441 Vela
507 1395 603 1458 quom
628 1386 759 1459 turgens
780 1373 916 1438 sinuavit
937 1374 1058 1438 Eurus.

398 1478 459 1542 Illa
481 1499 540 1541 uec
562 1489 674 1541 nautae
698 1476 849 1561 gemitum
872 1497 931 1540 nec
952 1475 1033 1541 ictus

484 1579 630 1666 Remigis
653 1579 753 1642 audit.

400 1719 498 1785 Nitor
522 1721 688 1783 adversum
711 1729 829 1782 tamen.
873 1720 927 1782 Ab
950 1731 982 1783 et
1005 1721 1084 1784 eheu

398 1824 535 1907 Vaeque
557 1821 684 1886 dicturo
708 1821 902 1906 miserasque
925 1823 1049 1897 clades,

400 1926 543 1991 Gallicus
564 1926 673 1990 Paean
697 1929 785 1990 etio
807 1924 940 1987 resultat

484 2027 629 2092 Gallicus
650 2030 757 2092 Euan.

401 2171 583 2236 Teutonum
606 2181 716 2252 captus
739 2180 787 2232 ter
811 2185 924 2228 amore
943 2167 1087 2230 Francos

400 2269 561 2336 Tristibus
585 2271 662 2334 diris
684 2292 767 2353 paro
791 2273 972 2332 devovere:

398 2375 489 2439 Iussa
512 2385 561 2438 ter
582 2371 719 2438 Francis
742 2371 852 2437 melius
876 2380 1005 2454 precata
1027 2381 1075 2434 est

483 2477 586 2542 Plena
608 2477 681 2541 Deo
704 2498 805 2540 mens.

400 2617 447 2684 Ut
467 2615 615 2680 laboravi
637 2616 816 2700 iremuique
839 2628 972 2680 contra:

401 2718 516 2785 Castra
538 2718 703 2783 fortunent
724 2719 901 2782 Alemanna
922 2718 1018 2783 Divi!

401 2822 531 2887 Martiis
555 2824 663 2884 aether
686 2820 798 2905 aquilis
821 2825 991 2885 seeundum

484 2923 623 2989 Aecinat
639 2926 749 2988 omen!

401 3064 520 3150 Frigus
541 3064 657 3128 invasit
678 3063 797 3150 digitos
820 3075 852 3128 et
872 3066 1010 3142 horror,

403 3169 530 3250 Torpet
551 3165 658 3230 infuso
681 3188 791 3230 manus
813 3186 831 3228 a
854 3177 999 3231 veterno.

401 3273 528 3354 Aspera
552 3269 636 3333 sensi
658 3269 761 3354 glacie
783 3267 886 3354 rigari

486 3375 605 3438 Pectus
628 3384 660 3436 ct
682 3394 753 3438 ora.

359 3597 361 3602 Ι
403 3511 515 3595 Qualis
539 3533 557 3576 e
578 3512 681 3578 somni
705 3513 818 3576 nebula
844 3511 971 3577 locutus

403 3615 532 3677 Trunca
554 3614 685 3679 molitur
706 3613 774 3678 siue
797 3625 900 3678 mente
922 3617 1042 3692 uerba,

402 3719 543 3782 Luctor.
588 3719 641 3792 „0
665 3717 854 3794 Germania,
879 3717 1010 3800 pelle,”
1033 3716 1117 3796 dixi,

487 3820 678 3904 „Languida
700 3820 828 3884 curas.'’

404 3962 576 4046 „Regnum
600 3960 662 4025 eris
684 3959 762 4024 felix
785 3961 962 4047 iterumque
985 3961 1132 4044 deinceps

404 4064 585 4137 „Hostibus
607 4064 779 4129 Germania
801 4065 886 4129 clara
905 4063 1013 4129 victis.

404 4167 636 4240 „Invidendum
659 4189 774 4234 nomen
796 4165 928 4232 habebis
952 4179 1046 4251 atque

490 4268 731 4343 „Consiliorum
