2952 4826
268 233 308 296 lb

267 388 416 475 Vitigeni
443 387 570 452 laticem
595 384 784 450 mortalibus
805 381 1000 456 instituisse;

273 493 379 573 Quom
401 502 505 554 tamen
527 488 577 553 his
599 499 709 572 posset
732 485 799 550 sine
823 487 919 548 rebus
944 484 1008 546 rita
1029 504 1172 557 manere,

266 595 312 659 Ut
332 595 448 657 famast
469 591 592 676 aliquas
613 590 708 653 etiam
732 610 814 652 nunc
837 587 948 652 vivere
973 586 1113 671 genteis:

269 699 315 759 At
337 698 418 759 bene
440 714 505 758 non
527 704 657 775 poterat
677 691 743 755 sine
764 711 848 772 puro
869 699 1005 772 pectore
1030 689 1109 752 rivi.

269 799 343 879 Quo
368 795 469 882 magis
491 794 545 859 hic
566 793 681 857 merito
704 791 799 856 nobis
821 793 910 856 Deus
928 813 997 854 esse
1018 790 1161 865 videtur,

269 901 323 962 Ex
346 920 411 984 qno
436 896 633 963 nuncetiam
656 918 715 978 per
739 915 868 978 magnas
892 893 989 957 didita
1013 892 1135 978 genteis

269 1000 385 1065 Dulcia
406 999 605 1082 permulcent
626 997 748 1060 animos
769 997 885 1061 solatia
907 995 1005 1059 vitae.

332 1101 485 1166 Herculis
507 1099 657 1164 antistare
676 1111 780 1162 autern
800 1098 826 1162 si
847 1099 932 1162 sacta
956 1099 1102 1180 putabis,

267 1203 452 1290 Longinsa
474 1224 551 1266 vera
574 1202 674 1267 multo
693 1200 819 1265 ratione
842 1201 962 1266 serere.

269 1305 355 1388 Quid
375 1309 551 1370 Nemeaeus
569 1303 651 1368 enim
672 1303 767 1368 nobis
787 1326 870 1367 nunc
892 1325 1024 1389 magnus
1044 1304 1149 1368 hiatus

267 1410 328 1473 Ille
350 1407 454 1472 leonis
477 1411 605 1471 obesset
626 1417 657 1471 et
679 1409 817 1472 horrens
841 1407 1002 1470 Arcadius
1024 1407 1099 1470 sus?

269 1510 416 1597 Denique
439 1510 516 1596 qnid
539 1509 656 1575 Cretae
678 1522 787 1572 taurus
808 1512 1017 1594 Lernaeaque
1040 1509 1157 1592 pestis,

269 1617 402 1694 Hydra,
426 1613 587 1676 venenatis
611 1624 721 1694 posset
744 1613 859 1674 vallata
876 1613 1049 1688 colubris?

270 1716 396 1795 Quidve
421 1714 602 1796 tripectora
623 1712 794 1797 tergemini
812 1712 860 1776 vis
884 1708 1074 1794 Geryonai?

271 1821 316 1881 Et
333 1815 502 1882 Diomedis
525 1815 618 1901 equei
644 1815 803 1896 spirantes
826 1815 956 1878 naribus
979 1816 1104 1901 ignem,

271 1922 422 1983 Thracen
445 1918 671 2001 Bistoniasque
692 1917 805 2001 plagas
828 1929 921 2003 atque
944 1919 1065 1982 Ismara
1085 1933 1240 2002 propter,

271 2025 377 2085 Tanto
404 2034 503 2102 opere
525 2021 690 2083 officerent
711 2020 806 2082 nobis
829 2019 996 2106 [uncisque
1018 2021 1175 2086 timendae

269 2122 439 2207 Unguibus
460 2121 620 2186 Arcadiae
645 2121 808 2200 volucres]
833 2124 1021 2206 Stymphala
1044 2125 1211 2189 colentes?

269 2229 442 2311 Aureaque
463 2224 679 2309 Hesperidum
700 2246 832 2288 servans
854 2225 1011 2310 fulgentia
1033 2227 1138 2304 mala,

269 2329 393 2412 Asper,
418 2330 534 2392 acerba
555 2338 666 2404 tuens,
690 2326 818 2392 immani
842 2349 985 2410 corpore
1007 2351 1155 2411 serpens,

269 2431 413 2495 Arboris
436 2431 601 2514 amplexus
624 2429 773 2512 stirpem3
798 2428 875 2515 quid
898 2429 1033 2514 deniqne
1056 2433 1217 2507 obesset,

321 2633 364 2682 29.
384 2633 460 2680 eous.
480 2647 564 2679 omnes
587 2633 671 2689 (etiarn
689 2634 719 2679 C.
732 2633 763 2680 E.
784 2638 822 2688 et,
843 2637 869 2677 ut
887 2631 988 2687 opinor,
1009 2632 1082 2678 vtnt.
1102 2633 1146 2677 etsi
1165 2632 1276 2692 ambigue
1291 2633 1389 2679 Alteros

268 2719 292 2750 v.
308 2701 350 2749 31.
365 2701 407 2749 32.
421 2704 451 2748 ab
464 2719 493 2750 eo
507 2704 584 2748 omitti
596 2700 695 2762 refert.)
708 2704 769 2748 Edd.
788 2708 847 2748 vett.
867 2700 900 2746 Et
915 2700 1048 2746 Diomedis
1067 2703 1152 2760 equei,
1172 2704 1300 2760 spirantes
1318 2705 1390 2749 nari·

269 2774 316 2819 bue
336 2774 422 2834 ignem
441 2772 522 2819 Tanto
540 2787 614 2831 opere
632 2770 765 2835 officerent
787 2771 860 2817 nobie
878 2769 1029 2830 Stymphala
1047 2772 1156 2816 colantes
1176 2769 1288 2817 Thracia
1305 2772 1390 2819 Bisto-

269 2843 374 2902 niaeque
388 2844 484 2902 plagae
505 2849 577 2902 atque
595 2843 696 2887 Ismara
711 2842 833 2900 propter?
864 2855 918 2886 cum
942 2842 1056 2886 varietate
1080 2842 1122 2885 rix
1139 2842 1212 2886 ultius
1230 2846 1346 2888 momenti
1364 2857 1388 2889 r.

269 2929 292 2959 c.
312 2910 456 2975 afficerent,
476 2910 628 2969 etimphala,
649 2909 777 2967 Trinacia,
800 2907 907 2956 Tristia
919 2912 1030 2959 r.Wnlt.
1060 2912 1178 2956 Arancius
1197 2913 1289 2968 primus
1306 2916 1389 2972 vulga·

268 2989 318 3027 tam
342 2983 469 3027 lectionem
494 2982 599 3029 exhibet.
630 2979 706 3024 Plura
729 2981 864 3025 iamdudum
889 2981 913 3026 h.
939 2981 955 3025 l.
985 2981 1079 3025 turbata
1103 2981 1177 3027 fuisse
1202 2988 1315 3038 apparet,
1347 2985 1389 3028 scd

268 3065 341 3110 quum
364 3053 448 3096 doctus
475 3052 562 3108 aliquis
589 3052 748 3105 interpolator
771 3065 883 3096 uersuum
906 3051 1095 3107 transpositione
1121 3057 1146 3096 et
1164 3053 1328 3107 supplemento
1347 3053 1389 3096 illo

269 3122 389 3180 uncisque
408 3145 419 3156 -
437 3145 447 3156 -
466 3121 579 3165 volucres
598 3120 658 3163 band
677 3119 807 3165 infeliciter
826 3135 854 3165 ea
871 3122 1036 3180 redintegrare
1055 3127 1154 3166 conatus
1173 3123 1218 3178 sit,
1256 3120 1324 3180 (nain
1346 3122 1389 3165 ho-

271 3192 356 3249 dieque
375 3187 480 3234 artifices
498 3191 522 3234 in
540 3187 656 3247 tingendis
675 3190 878 3244 Stymphalidibus
902 3197 1033 3248 sequnntur
1052 3193 1128 3235 nostri
1148 3192 1310 3236 emendatoris
1328 3191 1389 3234 iudi·

270 3263 331 3306 cium
344 3273 386 3318 ;r.
395 3261 503 3305 Viseonti
515 3259 827 3305 MuscoPio-·Clementino.
839 3261 869 3305 Τ.
882 3261 924 3307 lV.
933 3274 957 3315 p.
970 3257 1205 3315 restaurentur.)
1219 3275 1262 3306 nec
1274 3274 1390 3316 respuen-

269 3332 323 3375 dam
342 3330 398 3375 duxi
416 3331 545 3374 lectionem
564 3326 700 3383 Thracem
719 3330 755 3373 cui
776 3343 805 3374 cx
824 3331 891 3377 codd.
906 3330 948 3373 W.
963 3331 1055 3374 Eichst.
1071 3330 1247 3373 substituerunt
1260 3328 1373 3374 Thracia
1378 3342 1389 3384 ,-

269 3403 325 3446 loca
345 3398 409 3446 enim
427 3399 571 3458 cogitatione
590 3400 696 3455 suppleri
715 3411 786 3454 posse
805 3400 844 3442 rix
857 3399 972 3443 arbitror.
995 3400 1020 3443 ln
1033 3399 1121 3443 talibus
1135 3399 1243 3454 profecto
1257 3404 1297 3443 aut
1311 3399 1388 3443 Codd.

270 3471 341 3516 lectio
362 3471 469 3527 quamvis
488 3483 572 3513 inance
591 3469 642 3513 sine
661 3470 709 3512 ulla
728 3469 842 3514 varietate
861 3470 984 3513 retinenda
1003 3475 1039 3513 est
1056 3475 1098 3513 aut
1112 3469 1136 3512 in
1150 3468 1281 3512 levioribus
1294 3481 1389 3526 qnoque

269 3540 417 3586 correctoris
435 3540 523 3584 iudicio
542 3539 764 3593 obtemperandum.
795 3536 1069 3593 Thraciamdissyllnb.
1086 3536 1244 3584 ediditForb.
1292 3535 1333 3582 36.
1354 3538 1390 3581 ltu

271 3611 347 3655 Codd.
371 3607 396 3654 le.
415 3608 476 3655 Edd.
495 3613 554 3653 vett.
573 3608 619 3653 Ar.
635 3608 665 3652 P.
686 3606 782 3651 Oceani
790 3613 895 3665 propter
907 3608 936 3651 A.
951 3607 1000 3652 Alii
1014 3608 1090 3652 Codd.
1110 3607 1215 3665 Propter
1233 3607 1387 3660 Asianeam,

269 3680 439 3732 Accianeum,
460 3678 607 3731 Atianeum,
626 3675 789 3729 Actlaneum,
817 3678 876 3720 unde
895 3676 980 3721 Latnb.
1005 3679 1100 3721 demum
1121 3676 1226 3734 Propter
1246 3676 1391 3721 Atlanteum

269 3750 335 3795 tecit.
355 3750 385 3793 ll.
397 3748 439 3792 W.
452 3747 544 3792 Eichst.
570 3747 666 3790 Etenim
685 3745 772 3803 ubique
791 3745 842 3790 fere
861 3745 990 3790 obliterare
1010 3751 1160 3791 tentaverunt
1178 3748 1271 3791 librarii
1291 3747 1390 3790 adiecti·

270 3832 324 3864 rum
343 3816 474 3872 Oceanus,
506 3817 552 3861 nisi
577 3816 616 3860 ubi
643 3817 707 3859 nnlta
731 3814 833 3871 denique
857 3815 949 3858 ratione
974 3817 1095 3871 corrumpi
1122 3821 1216 3872 poterat
1233 3818 1307 3861 veluti
1328 3817 1388 3860 'Pae

271 3885 399 3941 Annali,
418 3883 441 3931 9.
462 3887 529 3931 inari
547 3884 655 3929 Oceano.
688 3881 819 3942 [Pompon.
834 3885 900 3928 Mein
911 3879 941 3937 i,
956 3880 980 3929 3.
1001 3883 1140 3930 Germania
1153 3909 1162 3920 -
1176 3911 1186 3921 -
1202 3883 1302 3930 Oceano
1314 3886 1390 3929 litore

267 3956 376 4022 'obducta
394 3961 447 4000 eet:
466 3957 528 4014 quod
547 3957 680 4009 exemptum
698 3969 750 3999 iarn
769 3951 879 4004 conficit:
899 3953 971 3998 habes
990 3955 1036 3999 iarn
1056 3956 1079 3998 in
1094 3956 1171 4000 soluta
1185 3956 1294 4000 oratione
1308 3954 1390 3999 Ocea·

270 4040 329 4072 num
346 4027 417 4070 litus.
437 4027 483 4070 cir.
502 4029 627 4082 praeterea
641 4023 749 4070 Oudend.
766 4025 795 4068 ad
808 4023 939 4068 Caesarem
951 4025 981 4068 Τ.
995 4023 1018 4068 1.
1031 4038 1054 4079 p.
1067 4022 1091 4068 8.
1105 4024 1150 4068 ut.
1163 4025 1251 4083 Stuttg.
1275 4025 1390 4069 Ceterum

271 4097 315 4142 (td.
335 4095 365 4140 Ε.
385 4096 445 4140 hanc
463 4096 535 4140 habet
552 4091 780 4162 dettoypatpiau:
800 4091 930 4138 Oceanum
943 4099 1048 4152 propter
1064 4093 1126 4138 litae
1140 4095 1277 4154 pelagique
1295 4105 1390 4138 sonora

271 4165 376 4222 Propter
394 4166 493 4209 actiane
512 4163 555 4209 ubi
571 4164 632 4207 litae
646 4165 782 4223 pelagique
801 4176 898 4208 revera.
919 4162 963 4207 Cd.
976 4163 1021 4208 G.:
1041 4161 1145 4220 Propter
1158 4165 1315 4208 aectianeum
1327 4162 1389 4206 litae

267 4236 404 4296 pelagique
421 4233 456 4291 e.]
475 4257 508 4268 ·-
523 4233 660 4291 pelagique
678 4246 766 4277 esaera
784 4234 829 4286 W,
841 4232 933 4276 Eichst.
963 4233 1009 4276 Sed
1029 4233 1099 4276 iidem
1114 4229 1142 4286 6,
1164 4229 1223 4287 619,
1244 4231 1283 4276 ubi
1304 4233 1389 4276 endem

271 4306 375 4351 uarietas
390 4303 495 4349 recurrit
501 4333 508 4358 ,
528 4303 645 4347 dederunt
660 4303 766 4362 pelage,
788 4307 813 4347 ut
822 4303 876 4348 inde
886 4315 899 4345 a
909 4300 995 4349 Lemb.
1007 4301 1031 4345 h.
1044 4301 1061 4348 l.
1075 4314 1170 4359 quoque
1184 4303 1298 4348 edebatur
1306 4333 1313 4356 ,
1334 4315 1390 4346 euin
