2964 4814
122 360 248 423 Voster
271 378 376 436 onyx,
401 365 489 418 casto
508 351 617 435 petitis
638 371 720 435 quae
741 349 813 414 iura
836 347 946 413 cubili.

189 461 252 522 Sed
274 479 354 542 quae
377 477 411 519 se
428 455 557 537 impuro
582 451 668 516 dedit
690 449 865 526 adulterio,
958 438 985 452 “

123 561 217 626 Illius
239 562 280 621 ah
303 559 383 620 mala
406 560 490 621 dona
512 555 593 618 levis
612 553 703 617 bibat
722 549 814 613 irrita
834 551 957 634 pulvis!

189 663 336 744 Namque
359 680 422 742 ego
447 661 487 720 ab
510 655 650 739 indignis
673 651 816 738 praemia
838 653 922 714 nulla
942 665 1033 736 peto.

126 764 183 827 Sic
205 762 323 846 magis,
347 783 367 825 o
389 770 522 841 nuptae,
546 779 670 839 semper
693 754 870 819 eoncordia
891 766 1017 818 vostras

190 867 324 944 Semper
347 883 438 924 amor
460 858 561 922 sedeis
583 858 704 923 incolat
726 847 883 920 assiduus.

125 970 179 1029 Tu
202 985 302 1038 vero,
325 962 455 1045 regina,
479 972 569 1023 tuens
591 979 687 1043 quom
709 958 815 1021 sidera
835 957 939 1021 divam

192 1063 343 1130 Placabis
365 1062 455 1126 sestis
475 1059 646 1123 luminibus
664 1061 842 1136 Venerem,
911 1093 922 1120 ι

124 1165 286 1252 Unguinis
305 1175 469 1246 expertem
493 1183 557 1226 non
582 1159 695 1224 siveris
714 1183 783 1224 esse
805 1172 888 1223 tuam
911 1181 975 1235 me,

188 1271 253 1389 Sed
274 1265 383 1349 potius
405 1263 505 1348 largis
528 1265 617 1327 affice
641 1261 833 1326 muneribus.

124 1510 180 1544 euru
207 1495 250 1540 Gd.
274 1509 321 1538 uno
346 1509 360 1538 a
388 1507 438 1538 sec.
458 1506 528 1536 rnanu
547 1493 645 1536 Lnehm.
689 1492 735 1536 Sed
754 1492 824 1535 nimis
844 1491 959 1535 violenter
978 1493 1012 1535 sic
1030 1493 1130 1537 distrahi
1148 1495 1242 1539 videtur

124 1567 243 1622 particula
269 1570 411 1622 postquam.
461 1559 503 1609 80.
530 1559 585 1606 Non
615 1566 676 1618 post
704 1561 832 1604 unanimis
865 1573 972 1616 corpora
1008 1562 1176 1621 coniugibus,
1209 1564 1242 1608 ila

124 1636 220 1687 Codd.,
258 1630 303 1676 nisi
340 1633 401 1688 quod
437 1631 531 1688 quidam
569 1631 657 1674 liabent
691 1632 727 1673 vel
764 1643 868 1686 corpore
903 1631 941 1672 vel
978 1629 1098 1685 uincula,
1128 1637 1153 1674 ut
1182 1632 1243 1676 Per·

123 1704 172 1748 reii
192 1708 215 1746 et
227 1701 316 1744 Colotii
330 1701 485 1752 collationes,
505 1713 526 1742 s.
542 1700 753 1753 interpolationes,
774 1699 828 1742 vie.
844 1698 910 1740 Bria.
927 1700 985 1742 unde
1000 1699 1111 1743 Heinsius
1125 1701 1246 1744 divinabat

124 1772 241 1830 cingulo.
266 1769 325 1813 Post
348 1775 441 1822 aulem,
470 1781 542 1824 quum
560 1769 659 1812 ridicule
679 1768 737 1810 eatis
755 1768 910 1820 interpretari
929 1768 1050 1822 solerent,
1078 1771 1242 1828 coniugibus,

125 1841 170 1900 qui
185 1843 243 1897 post
259 1838 360 1894 nuptias
378 1850 427 1880 non
446 1837 496 1880 ium
515 1842 588 1880 erunt
605 1835 758 1888 concordes,
786 1835 907 1880 Palladius
926 1836 1016 1879 Fuscus
1036 1837 1059 1880 in
1076 1840 1149 1894 priua
1169 1844 1246 1882 muta.

124 1911 175 1962 vit,
195 1909 264 1964 idque
284 1907 385 1960 amplexi
405 1911 459 1948 sunt
476 1907 520 1948 Αν.
535 1907 605 1949 Aldd.
620 1906 704 1948 anrlr.
719 1905 790 1962 Fene.
812 1906 857 1948 Sed
874 1905 920 1948 hoc
934 1907 1009 1948 voluit
1022 1906 1144 1950 Catullus:
1165 1907 1242 1960 Nunc,

126 1991 156 2024 ex
170 1977 252 2033 quoin
266 1977 345 2018 sidera
358 1977 431 2018 relata
444 1988 513 2027 curn,
529 1980 602 2030 poet,
623 1975 662 2028 (in
676 1979 814 2027 posterum,
834 1973 946 2026 posthac,
960 1979 984 2016 ul
996 1974 1043 2016 iarn
1056 1977 1147 2029 accepit
1158 1975 1244 2030 Voss.)
1283 1987 1286 2004 ⁴

125 2048 200 2092 nolito
214 2045 353 2102 coniugibus
368 2046 460 2087 tradere
473 2057 589 2097 corpora,
604 2043 663 2100 quin
673 2048 718 2088 cet.
749 2040 791 2086 81.
807 2047 899 2084 retecto
911 2043 987 2086 Codd.
1001 2044 1075 2086 Voss.
1089 2045 1202 2088 Arnbros.
1219 2039 1250 2088 3ι’

127 2113 173 2159 82.
193 2127 268 2172 quem
281 2114 356 2155 Codd.
371 2125 422 2156 sex.
445 2133 473 2144 -
494 2125 567 2170 quum
580 2111 626 2155 Ed.
639 2124 676 2165 pr.
690 2131 724 2142 -
742 2124 790 2168 qun
806 2112 954 2154 ScaLVoss.
975 2125 1087 2176 -bquue
1101 2113 1243 2168 subruto.

126 2183 225 2238 Optima
243 2182 367 2227 videbatur
385 2181 482 2224 Lachin.
509 2181 573 2224 coni.
592 2181 668 2238 quiin:
696 2193 837 2236 quamquam
856 2180 949 2222 Censor
967 2181 1018 2224 len.
1045 2195 1119 2238 quom
1143 2183 1245 2236 explicat

125 2266 201 2311 quum
219 2249 262 2293 si:
281 2251 368 2292 mirum
388 2255 464 2296 lamen
485 2249 519 2292 sic
536 2261 645 2306 quoque:
666 2261 715 2291 non
731 2253 790 2305 posi
809 2271 818 2283 ·
838 2273 847 2282 ·
865 2249 984 2307 quamsi.
1011 2249 1099 2292 Totum
1113 2252 1190 2294 locurn
1203 2251 1244 2293 ab·

125 2322 198 2366 surde
218 2319 415 2379 ilanexpouebat:
445 2318 510 2362 Nunc
536 2331 593 2370 vos,
626 2331 744 2372 corpora,
775 2331 834 2374 quae
860 2319 926 2360 taeda
952 2318 1028 2360 iunxit
1051 2319 1138 2362 lurnine
1164 2325 1244 2374 optato

125 2387 269 2446 coniugibus
287 2401 334 2430 nou
353 2392 407 2441 post
424 2388 556 2440 unanimis,
587 2388 702 2430 nudantes
728 2387 826 2440 papillas
851 2388 940 2430 reiecta
964 2391 1044 2439 vesle,
1077 2390 1161 2432 tradite
1187 2389 1244 2432 mihi

125 2471 228 2502 munera
241 2458 355 2510 ineunda,
376 2469 435 2512 quae
455 2468 517 2509 onyx
535 2456 591 2498 inihi
612 2456 678 2500 libet.
717 2452 760 2498 83.
776 2455 865 2512 petitis
879 2456 938 2498 Cod.
953 2457 1016 2499 Seni.
1030 2456 1074 2498 Ed.
1091 2470 1127 2509 pr.
1142 2459 1174 2500 al.
1186 2462 1243 2501 vett.

125 2528 213 2570 Valet.
227 2526 299 2568 Fosc.
322 2525 379 2568 Scil.
402 2527 460 2568 iuro
479 2529 563 2580 petere
592 2537 620 2567 ex
647 2525 743 2580 antiqua
763 2525 824 2566 ieris
846 2524 949 2567 formula
969 2526 1029 2567 idern
1049 2527 1164 2580 estquod
1183 2540 1244 2570 nune

126 2597 243 2647 dicimus,
263 2595 291 2636 ad
311 2594 412 2637 tribunal
427 2607 563 2637 recurrero.
584 2591 665 2649 (Plin.
682 2593 710 2637 H.
726 2591 756 2636 N.
773 2590 803 2646 5,
821 2592 843 2636 1.
864 2593 922 2635 iuro
934 2590 1062 2635 Baeticam
1072 2599 1158 2648 petere
1172 2595 1245 2638 iusso

125 2661 188 2716 cet.)
207 2663 231 2707 h.
252 2664 267 2705 Ι.
285 2665 414 2716 translate,
444 2676 502 2718 quae
528 2676 566 2705 me
591 2667 700 2718 tanquam
728 2662 832 2718 coniugii
852 2661 966 2704 arbitram
985 2676 1011 2703 ac
1031 2662 1127 2705 tutelam
1148 2676 1244 2706 venera-

125 2733 202 2787 rnini3
222 2731 323 2789 quiritis
342 2729 417 2774 Codd.
437 2731 551 2773 Arntnos.
568 2727 591 2774 3.
617 2744 691 2788 quom
710 2731 768 2773 ritis
777 2762 787 2786 ,Ι
804 2731 943 2787 parueritis,
964 2730 1039 2773 Codd.
1061 2732 1161 2787 aliquot.
1183 2733 1243 2775 unde

128 2803 191 2845 Stat.
213 2800 330 2857 plectilis,
360 2799 421 2843 alius
440 2805 518 2842 autern
537 2799 694 2852 interpolator
712 2800 796 2842 colitis
813 2799 859 2842 Ed.
880 2796 955 2842 1181.
976 2799 1047 2842 Aldd.
1102 2796 1143 2843 81.
1171 2797 1246 2842 dedat

125 2870 204 2915 Codd.
236 2869 327 2923 aliquot
352 2874 376 2912 et
399 2869 459 2911 ndu.
490 2869 606 2924 quaedam
635 2872 692 2911 vett.
723 2890 754 2902 -
779 2864 871 2925 foedet
899 2869 1035 2920 Perreius,
1067 2867 1147 2911 Colol.
1174 2869 1245 2911 solita

127 2937 328 2991 interpolatorum
345 2937 476 2995 elegantia,
497 2938 534 2979 cui
554 2936 672 2978 obnoxius
687 2937 711 2980 li.
729 2937 746 2978 1,
763 2950 856 2992 quoque
875 2937 921 2980 fuit
938 2938 1072 2980 Sarrlenins.
1112 2935 1153 2981 85.
1173 2938 1244 2980 iliius

125 3020 142 3049 ιι
160 3005 230 3048 mala
247 3003 313 3048 dona
330 3006 391 3048 levia
410 3005 476 3048 bilant
494 3004 569 3047 irrita
589 3005 663 3048 Codd.
682 3004 794 3064 Arnhros.
815 3003 838 3049 1.
860 3005 950 3061 hocque
969 3019 1022 3048 curn
1041 3008 1100 3048 Stnl.
1118 3008 1190 3050 Fosc.
1211 3008 1243 3050 al.

126 3075 229 3130 praetuli
247 3073 353 3116 scribens
372 3071 413 3118 nii.
434 3073 539 3117 -illius
558 3074 626 3116 mulo
644 3072 710 3116 donn
728 3075 746 3116 1.
767 3073 791 3117 b.
811 3074 887 3117 irrito
905 3073 951 3116 Ed.
969 3088 1005 3127 pr.
1020 3075 1073 3117 Ara.
1093 3074 1115 3118 1.
1131 3076 1189 3118 Hinc
1204 3077 1244 3120 de·
1263 3076 1268 3084 “

125 3155 191 3186 inum
212 3147 265 3185 nata
283 3142 376 3186 ridetur
395 3144 507 3200 elegans,
528 3143 568 3186 sed
589 3143 648 3185 ltala
666 3143 802 3186 correctio:
823 3144 893 3185 illius
912 3137 977 3185 noro
990 3143 1051 3186 levia
1065 3142 1131 3186 bibet
1144 3143 1244 3188 etdonu

125 3212 203 3255 irrito
219 3211 241 3253 in
259 3209 334 3256 Codd.
351 3210 461 3268 quibusd.
480 3211 512 3264 (r.
531 3212 616 3254 viteli.
634 3225 657 3265 p.
674 3208 746 3266 197.)
761 3211 806 3259 Ed.
822 3208 898 3254 illl.
911 3210 965 3254 Ald.
979 3209 1003 3254 2.
1021 3217 1116 3266 recepta
1131 3227 1144 3255 a
1157 3214 1242 3256 valet.

126 3278 171 3322 86.
191 3277 227 3320 od
240 3277 358 3336 indigetis
379 3280 454 3322 Codd.
476 3279 590 3322 Ambros.
604 3281 632 3322 Y.
648 3279 676 3322 C.
697 3303 729 3312 -
749 3279 778 3320 ob
798 3278 926 3338 indigenis
949 3280 1009 3323 Cod.
1027 3281 1140 3324 Arnbros.
1161 3283 1189 3324 B.
1210 3305 1243 3316 -

127 3346 241 3404 Namque
260 3361 306 3406 ego
324 3347 465 3407 indignatis
483 3347 544 3396 Cod.
559 3349 673 3392 Ambros.
689 3348 718 3404 Q.
730 3349 805 3392 Voss.
824 3349 857 3402 (i.
879 3363 901 3392 e.
922 3349 970 3401 „ab
990 3350 1038 3392 illis
1056 3362 1116 3405 quae
1135 3352 1244 3407 indignae

125 3416 218 3460 fuerint
236 3417 377 3460 indicatae.’'
396 3415 482 3472 Voss.)
537 3415 578 3461 87.
599 3416 649 3460 Sed
667 3418 750 3474 megia
770 3417 814 3460 Ed.
835 3418 911 3471 princ.
932 3418 1029 3460 Lichan.
1084 3415 1126 3460 88.
1147 3432 1245 3475 semper

127 3483 278 3538 concordio,
298 3491 411 3539 nostrus,
431 3499 529 3542 semper
547 3483 624 3528 Amor
643 3484 715 3528 aedes
734 3486 825 3528 incolet
843 3487 927 3528 Valcls.
979 3484 1019 3529 91.
1040 3484 1181 3544 Sanguinis
1199 3501 1244 3528 ex-

122 3558 221 3609 pertem
240 3553 330 3596 restria
348 3554 530 3610 (itaplerique;
550 3554 595 3596 Ed.
616 3556 692 3608 prinu.
715 3553 796 3598 verbis
823 3559 948 3596 tironstrea
979 3553 1060 3597 Colol.
1092 3555 1154 3597 colia
1180 3555 1244 3597 Pou-

126 3620 190 3674 tan.)
236 3621 272 3664 lb.
300 3635 350 3665 non
377 3635 432 3666 ease
456 3628 525 3665 tuum
549 3622 601 3678 (tui
630 3623 710 3668 Colot.
736 3636 817 3666 meum
839 3622 931 3675 Patet.)
950 3635 988 3664 ine
1007 3623 1039 3664 ila
1064 3623 1245 3675 corruptissime

126 3691 204 3734 Codd.
218 3689 313 3736 etEdd.
329 3696 385 3735 vett.
405 3690 489 3734 Nullus
504 3692 564 3734 liber
577 3692 626 3734 Ms.
647 3697 724 3744 lucin,
749 3705 808 3748 quae
828 3697 864 3735 est
876 3692 969 3733 Arantli
984 3691 1046 3734 coni.
1067 3714 1099 3725 -
1120 3689 1245 3749 Ungccinia
1315 3718 1320 3728 ι

126 3759 207 3804 Bentl.
221 3759 284 3802 coni.
317 3780 346 3790 -
374 3772 422 3803 non
444 3760 535 3802 eieci-ie
552 3761 614 3803 Scal.
635 3781 667 3790 -
692 3766 760 3802 tuum
774 3761 827 3804 ΑΜ.
850 3783 882 3793 -
903 3757 1028 3818 Ungciinis
1050 3766 1178 3818 campartem
1196 3773 1245 3803 nora

126 3826 219 3870 ciceris
238 3840 294 3869 ease
312 3833 397 3881 tuom;
421 3842 460 3870 ma
478 3827 524 3871 aed
537 3830 623 3885 polius
640 3830 724 3887 lurgis
743 3827 814 3889 office
832 3829 977 3871 muneribus
1000 3829 1083 3872 anrk.
1114 3849 1148 3860 -
1175 3827 1246 3889 uffiee

128 3896 211 3940 Colot.
226 3895 290 3938 Scal.
312 3917 341 3927 -
362 3895 489 3955 Unguinie
507 3902 637 3952 expertem
655 3910 704 3940 non
723 3898 787 3940 sirie
807 3909 862 3940 ease
881 3903 949 3940 tuum
963 3911 1017 3950 ine,
1037 3895 1088 3940 Sed
1096 3897 1180 3954 potius
1192 3900 1244 3940 lar·

128 3964 173 4022 gie
185 3962 259 4024 office
270 3965 414 4008 muneribus
434 3979 486 4008 enin
505 3966 604 4011 Lachm.
631 3980 692 4009 nunc
711 3965 764 4009 dedi
775 3996 782 4018 ‚
808 3966 854 4009 nisi
873 3967 934 4023 quod
954 3979 1007 4009 cum
1026 3967 1068 4010 Br.
1088 3968 1159 4011 metri
1176 3981 1246 4010 eausa

129 4032 222 4075 siseris
246 4032 362 4091 Scaligeri
388 4034 508 4091 integrum
532 4034 682 4078 retinendum
707 4039 769 4077 erat.
806 4035 830 4078 ln
856 4037 930 4078 altera
950 4035 1067 4089 lectione,
1089 4033 1169 4091 ‘citiam
1188 4039 1246 4079 olim

130 4099 242 4160 exhibui:
277 4097 402 4159 linguinis
421 4107 549 4158 expertem
567 4115 617 4145 non
634 4103 725 4146 riseris
753 4113 826 4145 aeae:
852 4108 921 4146 tuom
939 4117 977 4146 me
995 4102 1045 4148 Sed
1058 4105 1143 4160 potine
1161 4105 1247 4163 lurgis

129 4167 200 4230 effice
218 4168 378 4223 muner-ilua,
409 4170 518 4226 placebat
535 4172 612 4224 ratio,
645 4183 714 4227 quarn
738 4172 797 4216 liaeo
821 4172 892 4215 lectio
909 4173 994 4216 melius
1012 4174 1117 4217 indicare
1137 4174 1243 4223 videtur,

130 4251 173 4281 ear·
191 4239 216 4282 io
235 4239 364 4294 penultimo
383 4251 453 4284 versu
472 4240 604 4293 desideret,
633 4252 719 4288 rursus
743 4245 768 4284 nt
791 4253 858 4284 coma
882 4240 948 4298 regia
972 4239 1027 4286 fiat:
1059 4243 1099 4286 sed
1124 4255 1170 4286 uon
1193 4243 1244 4285 sine
