2964 4814
137 346 183 406 Et
208 342 327 422 Tyriae
350 349 459 404 vestes
477 351 508 402 et
531 337 615 406 dulci
638 337 714 402 tibia
737 349 831 402 cautu

205 445 249 505 Et
270 441 351 504 levis
375 438 511 508 occultis
535 439 663 505 conscia
686 440 763 505 cista
790 438 902 512 sacris,

139 547 218 608 Huc
233 546 314 606 ades
337 555 366 605 ct
387 551 511 605 centu'ur
535 542 627 610 ludos
653 541 852 622 Geniumque
875 538 1006 618 choreis

206 644 407 718 Concelebra
429 655 461 706 et
483 643 583 706 multo
607 654 752 724 tempora
774 643 869 706 funde
893 661 995 716 mero.

141 746 234 810 Illius
248 769 275 810 ‚e
297 746 396 810 nitido
420 745 547 812 stillent,
561 756 720 827 unguenta
744 744 860 826 capillo
877 807 879 814 Α

207 851 251 911 Et
273 847 377 929 capite
400 846 541 924 et-collo
565 845 673 910 mollia
697 856 781 908 serta
805 856 908 929 gerat.

143 949 198 1013 Sic
219 949 329 1012 venias
353 948 528 1023 hodierne,
553 947 610 1009 tibi
633 952 703 1010 dem
724 945 805 1008 turis
823 947 983 1020 honores,

206 1051 289 1113 Liba
311 1062 343 1112 et
364 1049 546 1131 Mopsopio
566 1047 670 1111 dulcia
693 1049 785 1119 melle,
806 1047 919 1110 seram.
970 1099 972 1106 ,

141 1156 190 1217 At
210 1153 269 1214 libi
290 1163 468 1214 succrescat
490 1151 631 1232 proles,
644 1171 724 1234 quae
747 1150 830 1222 laeta
852 1149 1022 1230 parentis,¹

205 1255 336 1336 Augeat
359 1263 391 1314 ct
415 1252 499 1318 cirea
520 1261 582 1314 stet
605 1252 784 1319 veneranda
807 1271 926 1324 senem.

142 1357 215 1417 Nec
236 1364 342 1416 taceat
366 1363 567 1418 monrrmenta
591 1353 681 1426 viae,
705 1371 799 1434 quem
824 1351 964 1413 'srrscula
983 1350 1076 1413 tellus

206 1454 411 1538 Candidaque
433 1453 565 1536 antiquo
589 1452 716 1526 detinetn
732 1453 815 1526 Alba
839 1454 953 1522 Lare„

141 1561 291 1640 Namque
313 1557 428 1638 opibus
450 1565 608 1637 congesta¹
626 1553 687 1616 tuis
710 1538 770 1616 bic¹
784 1554 892 1636 glarea
916 1556 995 1616 dura

207 1658 384 1732 Sternitur3
407 1657 459 1720 bie
482 1668 554 1738 apta
576 1655 717 1739 iungitur
741 1667 809 1728 arte
833 1656 925 1730 silere.

143 1764 193 1824 Te
216 1772 308 1822 canet
329 1759 490 1843 agricola,
515 1779 531 1819 e
554 1778 667 1840 magna
689 1777 787 1841 quom
811 1757 935 1831 venerit
962 1759 1039 1822 urbe

208 1865 322 1936 Serus,
346 1845 536 1923 inoilensum
559 1858 780 1942 rettuleritque
805 1862 929 1939 pedem.

140 1966 188 2027 At
209 1977 264 2039 tu,
289 1962 414 2026 Natalis
435 1962 551 2024 multos
574 1960 763 2023 celebrande
784 1981 844 2042 per
866 1981 983 2035 annos,
1024 1977 1027 1986 ’

206 2063 384 2128 Candidior
406 2084 532 2144 semper
554 2061 781 2145 candidiorque
807 2065 890 2125 veni.

486 2249 562 2314 Lus.
588 2247 618 2309 Ι.
663 2247 842 2310 ELEGIA
863 2249 909 2310 X.
955 2335 958 2340 ,

142 2369 223 2448 Quis
244 2367 323 2442 suit,
348 2358 671 2447 horrendos'primns
696 2367 749 2450 qui
771 2367 905 2447 protulit
921 2369 1041 2442 enses?
1121 2387 1124 2394 ·

206 2470 308 2550 Quam
330 2467 419 2531 ferus
441 2479 472 2531 et
492 2489 570 2530 vere
593 2469 718 2530 ferreus
740 2468 793 2530 ille
817 2468 897 2542 fuiti
988 2539 990 2544 ,

140 2573 235 2634 'l'une
255 2572 366 2632 caedes
388 2569 549 2658 homimum
571 2568 700 2654 generi,
725 2581 801 2642 tunc
821 2571 945 2650 proelia
969 2582 1066 2633 nata:

206 2675 235 2734 T
239 2693 299 2734 unc
320 2671 454 2734 brevior
477 2669 563 2733 dirae
586 2670 835 2750 mortisaperla
858 2671 910 2733 via
932 2684 992 2734 est.

139 2774 187 2836 Al
211 2773 361 2836 nibilille
384 2773 478 2834 miser
502 2770 638 2834 meruit:
663 2790 721 2834 nos
750 2774 789 2832 ad
812 2773 891 2846 inula
915 2784 1026 2836 nostra
1073 2845 1075 2851 s
1112 2779 1114 2783 “
1192 2845 1195 2850 ,
1239 2775 1257 2835 5

139 2991 239 3044 cranii,
260 2991 292 3033 ila
313 2995 349 3033 est
368 2989 521 3044 explicanda:
546 2987 588 3033 sn
607 2989 710 3045 reniae,
731 2988 853 3044 (precor),
880 3005 907 3034 ea
926 2992 1075 3046 conditione,
1098 2998 1122 3036 ut
1139 2993 1185 3037 tibi
1203 2992 1258 3036 dem

139 3066 187 3104 cet.
243 3057 284 3104 54.
315 3057 425 3116 Libaque
447 3061 478 3105 V.
506 3072 518 3104 e
542 3059 617 3102 Codd.
638 3057 773 3101 —Attico
797 3071 818 3101 s.
843 3059 963 3112 llyruettio
984 3063 1071 3114 melle,
1103 3076 1116 3105 a
1138 3063 1257 3118 Mopsopia

137 3129 318 3173 Atheniensium
336 3141 403 3185 rege.
448 3123 489 3173 56.
508 3132 624 3170 venerata
643 3127 687 3170 Cd.
710 3124 733 3170 1.
753 3125 908 3172 Lachmanni.
929 3131 989 3173 slat.
1008 3132 1081 3184 Vulp.
1127 3129 1257 3179 elfsner.

138 3199 202 3256 Aug.
224 3193 265 3242 30.
287 3194 342 3254 (ina
364 3201 446 3239 antem
463 3192 575 3254 facilius
594 3194 701 3253 undique
727 3195 787 3238 rerba
801 3193 941 3252 'adiutum
971 3197 1102 3256 desumpta
1128 3200 1178 3244 eibi
1201 3199 1259 3244 Fla-

138 3267 221 3310 minia
238 3266 281 3308 via
298 3263 413 3308 Arimino
431 3269 502 3308 tenne
521 3262 672 3318 munienda,
692 3263 803 3321 reliquae
822 3264 1016 3323 triumplialibus
1035 3267 1098 3313 ciria
1116 3283 1151 3312 cx
1170 3283 1258 3313 mana·

138 3335 202 3378 biale'
216 3333 326 3390 pecunia
344 3332 493 3396 sternendae
511 3331 650 3390 distribuit.
706 3329 747 3376 58.
768 3329 927 3393 Candidaque
946 3351 959 3380 e
980 3337 1038 3380 Cdd.
1060 3339 1097 3390 ll.¹
1115 3339 1154 3381 W.
1174 3337 1203 3381 L.
1223 3339 1258 3381 id-

137 3417 184 3461 que
201 3403 331 3458 simplicius
351 3403 454 3446 videtur.
475 3426 508 3435 -
527 3398 640 3444 Candida
658 3414 729 3459 quem
748 3401 779 3444 Η.
799 3403 861 3457 Alii,
879 3405 906 3448 de
927 3406 990 3449 coni.
1010 3406 1117 3449 Broulih.
1157 3406 1197 3450 bl.
1220 3405 1255 3450 Te

136 3477 242 3516 eanete
266 3472 345 3516 vane.
376 3471 444 3514 Statii
463 3471 628 3515 decentiores.
648 3493 682 3502 —
710 3470 848 3514 canticum
870 3471 930 3516 Cdd.
953 3473 982 3516 L.
1020 3475 1081 3516 Mihi
1100 3472 1258 3529 soloecismus

135 3541 241 3584 videtur.
267 3563 300 3574 -·-
326 3539 457 3600 agricola,
489 3551 584 3598 magua
614 3537 673 3584 cdd.
699 3539 776 3582 rnrrlli.
802 3541 833 3583 V.
859 3541 888 3588 Β.
919 3543 965 3586 Sed
983 3542 1039 3584 talia
1058 3541 1081 3584 in
1107 3541 1164 3586 Tib.
1187 3543 1257 3586 nimie

137 3610 257 3666 quaesitae
1193 3603 1196 3610 ¹

552 3723 612 3768 Ῑιιιι.Ι
628 3724 648 3771 l.
682 3721 782 3768 ELEG.
802 3722 836 3766 X.

189 3811 293 3868 „Pugna
312 3811 341 3854 ad
364 3811 457 3854 Actium
482 3807 553 3864 (723)
572 3811 720 3866 commisse,
752 3809 857 3853 Messala
878 3813 964 3872 conlra
988 3810 1133 3854 rebellantes
1158 3811 1256 3869 Aquila-

136 3891 183 3923 nos
200 3880 317 3932 initlitur,
343 3878 380 3922 eui
401 3879 496 3935 quidem
515 3879 673 3934 expeditioni,
700 3882 794 3921 ulseee
813 3877 970 3935 adiungeret,
1004 3878 1125 3922 Tibullum
1145 3894 1257 3926 evocasse

136 3948 245 4001 videlnr,
273 3949 312 4003 qui
339 3946 416 3990 llcma
440 3949 589 4002 protectur-ns
614 3948 673 3991 hanc
696 3946 781 3994 scribit
798 3945 934 4005 Elegiarn.”
952 3947 1024 3995 Bach.
1093 3947 1117 3992 5.
1136 3947 1175 3994 At
1192 3948 1258 3996 nibil

135 4017 210 4060 Voss.
227 4015 364 4072 speciosius
383 4019 434 4069 est,
466 4017 528 4072 quod
548 4031 560 4061 e
579 4017 659 4060 inullis
680 4011 850 4070 ceufreeepn
869 4015 918 4059 L.:
950 4015 989 4060 An
1008 4030 1034 4060 n.
1053 4016 1072 4060 ι’.
1093 4031 1127 4060 ιιι.
1147 4019 1258 4064 meruit?

136 4085 215 4141 Quem
241 4085 317 4139 ipsam
343 4084 485 4128 sententiam
507 4085 541 4128 sic
569 4075 740 4139 expresseruni
766 4083 886 4138 Excerpm
912 4084 950 4128 lric
977 4098 1063 4130 rursus
1094 4087 1255 4143 interpolata:
1305 4081 1310 4096 '

134 4151 236 4197 Forsan
257 4157 281 4196 ei
300 4149 424 4197 tarentin
443 4153 543 4197 meruit.
581 4153 691 4199 Nondum
708 4157 787 4198 tamen
807 4152 897 4198 recessi
916 4166 929 4195 a
949 4155 1061 4212 vulgale,
1082 4169 1142 4212 quae
1165 4151 1255 4212 sirnbli-

135 4222 189 4265 cicc
207 4220 343 4266 ridebnlur.
