2946 4816
1192 211 1257 276 209

488 407 663 472 samua
687 371 906 488 Quaere(

177 530 283 603 „Rem
306 527 419 610 populi
434 527 607 592 tractas?”
631 561 670 574 --
694 531 862 594 barbatum
880 531 944 592 boc
960 531 1054 593 crede
1070 527 1256 614 magistrum

126 631 274 707 Dicere,
299 629 436 694 sorbitio
457 629 543 694 tollit
564 652 657 715 quem
680 631 749 694 dira
773 630 915 695 cicutae:
938 663 1000 706 -,

126 781 145 806 „
162 733 239 813 Quo
261 731 389 794 fretus?
411 732 479 808 dic,
505 753 525 795 u
549 732 654 816 magui
675 731 795 815 pupille
819 730 955 797 Pericli!

126 834 266 916 Scilicet
287 834 448 919 ingenium
471 846 502 896 et
524 855 628 897 restim
651 834 819 918 prudentia
843 836 942 900 velox
976 819 979 831 s

126 938 225 1001 Ante
246 936 330 1017 pilos
353 935 457 1012 venit,
483 935 612 1000 dicenda
634 940 830 1022 tacendaque
852 938 962 1001 calles.

127 1039 232 1121 Ergo
255 1038 308 1101 ubi
328 1049 489 1102 commuta
510 1039 616 1101 servet
636 1039 804 1122 plebecula
825 1040 912 1116 bile,

127 1141 217 1204 Fert
239 1138 358 1202 animus
382 1139 501 1202 calidae
522 1138 637 1203 secisse
660 1139 786 1204 silentia
809 1144 920 1205 turbae

128 1241 312 1306 Maiestate
334 1262 456 1304 manus.
502 1242 587 1322 Quid
610 1241 720 1305 deinde
742 1244 929 1327 loquere?”
952 1275 988 1288 ··-
1015 1245 1209 1326 „Quirites,

128 1345 232 1418 Hoc,
257 1353 358 1425 puta,
383 1363 448 1405 non
469 1341 583 1406 iustum
607 1355 673 1420 est3
696 1344 775 1408 illud
797 1347 894 1423 male,
920 1347 1038 1411 rectius
1060 1346 1175 1411 illud.’'
1198 1383 1239 1396 —

130 1444 210 1514 Scis
232 1445 347 1508 etenim
369 1443 485 1508 iustum
510 1445 633 1530 gemina
655 1449 850 1530 suspendere
872 1449 963 1512 lance
1220 1450 1260 1510 10

130 1546 298 1629 Ancipitis
320 1545 439 1609 librae:
462 1559 584 1610 rectum
607 1547 780 1626 discernis,
804 1550 860 1616 ubi
881 1550 963 1616 inter

132 1648 251 1714 Curva
272 1647 359 1711 subit
381 1649 433 1711 vel
456 1670 553 1732 quum
575 1649 657 1712 fallu
677 1654 760 1733 pede
782 1654 896 1738 regula
918 1675 1020 1718 varo:

133 1755 184 1817 Et
205 1750 290 1834 potis
312 1771 347 1813 es
369 1749 494 1833 nigrum
518 1751 596 1815 vitio
618 1755 799 1838 praefigere
820 1758 921 1819 theta.
943 1791 984 1802 -

134 1852 226 1934 Quin
248 1862 283 1914 tu
305 1851 405 1936 igitur
428 1874 548 1918 summa
571 1855 784 1939 nequidquam
806 1858 890 1941 pelle
913 1860 1049 1922 decorus

133 1951 227 2016 Ante
250 1949 332 2013 diem
354 1950 472 2024 blande
494 1954 625 2014 carrdam
647 1955 767 2017 iactare
788 1956 921 2037 popello
1222 1953 1262 2015 15

134 2050 286 2126 Desinis,
310 2051 483 2131 Anticyras
506 2053 618 2118 melior
640 2057 774 2118 sorbere
796 2077 954 2120 meracas.
977 2091 1018 2104 -

135 2155 233 2234 Quae
254 2152 313 2215 tibi
334 2175 456 2217 summa
478 2154 555 2218 boni
577 2155 648 2218 cst?
670 2168 766 2234 uncta
786 2157 906 2221 vixisse
928 2158 1045 2240 patella

138 2257 275 2336 Semper
298 2265 330 2318 et
352 2255 482 2318 assiduo
504 2269 613 2320 curata
634 2257 772 2322 cuticula
794 2260 890 2322 sole?
911 2291 952 2306 ·-

138 2358 327 2438 Exspecta3
350 2358 435 2420 haud
457 2358 542 2421 aliud
562 2364 757 2443 respondeat
778 2363 858 2425 haec
879 2383 970 2426 anus.
994 2398 1035 2408 —
1057 2361 1074 2428 1
1096 2365 1195 2427 nunc!
1219 2393 1259 2404 -

140 2458 380 2532 „Dinomaches
415 2480 479 2544 ego
516 2461 625 2524 sum.''
661 2499 703 2512 -
740 2463 850 2526 Suffla.
888 2495 929 2507 -
964 2466 1065 2538 „Sum
1101 2464 1207 2526 candi-

902 2566 1165 2630 dus.”-Esto.
1221 2566 1262 2628 20

211 2762 338 2808 SATlRA.
358 2763 402 2808 lv.
450 2763 473 2809 1.
500 2789 533 2800 -
557 2763 618 2810 liner
642 2767 715 2813 erede
739 2769 790 2812 VS.
811 2785 845 2801 -
862 2765 994 2812 barbatum
1009 2765 1083 2810 erede
1097 2766 1133 2812 M.
1183 2763 1208 2810 2.
1230 2785 1260 2797 -

136 2845 215 2893 quem
241 2832 306 2877 tollit
328 2834 360 2877 V.
421 2830 446 2881 3.
473 2832 533 2890 dic,
561 2833 634 2893 0]u.
654 2835 747 2882 —dic
768 2835 814 2881 laec
837 2837 927 2897 magui
944 2835 1086 2881 TEVSAM.
1148 2833 1172 2881 9.
1188 2831 1263 2892 puta]

137 2901 221 2946 Gedd.
240 2901 298 2958 aliq.
323 2907 350 2946 et
375 2900 455 2947 Prisc.
481 2917 505 2958 p.
533 2901 609 2950 1000.
632 2905 733 2951 Putsclr.
751 2925 786 2940 ·-
800 2911 862 2964 puto
883 2905 1048 2951 Tuvnsuut.
1097 2905 1134 2953 lb.
1155 2927 1188 2938 —-
1206 2909 1264 2949 est:

137 2971 197 3016 eico
213 2970 326 3015 umlelt.
362 2970 399 3016 lh.
419 2993 453 3006 -
470 2970 541 3018 istud
555 2973 625 3018 RSA.
664 2973 706 3018 11.
728 2997 758 3008 -
777 2974 894 3020 decernis
913 2977 948 3020 Μ.
969 2975 1029 3019 Post
1043 2988 1066 3019 v.
1088 2972 1129 3019 1³.
1149 2974 1211 3018 branc
1227 2973 1263 3018 in·

138 3041 222 3084 cutcst
237 3039 290 3083 nt:
325 3036 469 3085 Omultum
486 3047 543 3086 ante
560 3043 628 3088 utine
645 3040 741 3103 infelix
758 3045 834 3090 litera
852 3042 929 3090 theta.
978 3042 1020 3114 15.
1043 3065 1071 3077 -
1087 3042 1174 3102 pundo
1188 3043 1219 3088 R.
1239 3043 1263 3087 iu

139 3121 221 3167 marg.
250 3106 351 3154 ὄλωιᾱο.
1061 3128 1067 3138 ’

214 3268 339 3314 surius.
359 3270 403 3315 tv.
442 3267 466 3315 1.
485 3267 638 3319 descende
656 3289 679 3319 r.
726 3273 751 3320 3.
771 3272 915 3321 dicbcer.
954 3272 1129 3330 9.purorp1³.
1168 3243 1204 3317 lli.
1224 3270 1283 3316 re-'

138 3338 209 3383 etius
228 3337 298 3383 istud
314 3338 359 3394 pP.

147 3441 299 3454 w

213 3499 328 3544 SATIRA
339 3499 383 3544 tv.
409 3496 450 3545 10.
461 3499 519 3545 Scia
527 3503 619 3547 etenim
628 3505 732 3566 iustum]
743 3506 778 3552 ue
788 3519 846 3550 vera
858 3505 1029 3550 scisiustitiaru
1040 3504 1064 3546 in
1074 3504 1140 3547 lance
1151 3515 1262 3558 pensare,

140 3568 258 3622 clipeiue
279 3569 354 3612 lancis
372 3568 457 3612 dubiae
475 3571 640 3617 rectitudinem
659 3577 733 3620 calles
756 3577 893 3620 discernere
918 3580 942 3618 et
969 3585 1066 3618 curuum
1087 3572 1195 3630 regulam
1213 3585 1264 3614 rno-

141 3641 267 3692 mentare,
293 3637 333 3681 ubi
354 3637 417 3682 inter
444 3650 516 3682 curva
533 3640 614 3697 subit,
640 3645 716 3690 donec
743 3646 767 3688 in
792 3645 882 3700 liquido
901 3648 948 3688 stet
973 3642 1099 3688 sententia.
1147 3640 1264 3698 Regulam

140 3706 202 3750 dicit
227 3706 306 3761 ipsum
336 3707 508 3752 rnamentariae
538 3706 585 3766 (sic
617 3711 685 3758 usu.
719 3737 748 3746 -
780 3718 966 3757 rnamentaneue
989 3711 1054 3757 Prin.
1078 3708 1147 3764 Cas.)
1171 3710 1262 3754 stilum.

143 3771 187 3820 13.
206 3772 317 3835 Nigrum
331 3772 480 3836 praefigere
498 3774 588 3838 Tbetu]
608 3780 701 3826 ludices
722 3784 817 3828 literam
840 3783 917 3826 'l'lreta
934 3785 1055 3838 apponunt
1072 3781 1102 3822 ad
1121 3791 1205 3823 eurum
1220 3791 1265 3820 no·

141 3845 224 3897 mina,
243 3857 303 3900 qnos
322 3845 439 3898 supplicio
459 3842 574 3892 alliciunt.
606 3851 706 3896 Merito.
733 3847 818 3914 Θῆτα
835 3844 897 3900 ἀπὸ
915 3847 971 3899 τοῦ
988 3841 1137 3901 θανάτου,
1157 3860 1186 3892 eu
1203 3847 1267 3904 quot

142 3914 212 3970 quasi
230 3912 315 3956 babeat
333 3913 407 3957 telum
424 3927 511 3971 sunin;
531 3916 631 3976 ideoque
654 3921 722 3965 triste
743 3921 905 3978 intelligitur:
925 3921 962 3963 vel
974 3917 1061 3962 inertis
1074 3918 1182 3975 siguum,
1203 3917 1264 3961 unde

142 3983 240 4040 quidam
260 3982 307 4027 ait:
327 3978 349 4026 0
366 3982 472 4026 multum
489 3991 548 4030 aute
565 3988 633 4032 cline
650 3985 745 4047 infelix
763 3990 840 4033 litera
860 3986 956 4032 Tlretu!
982 3987 1023 4032 10.
1044 3981 1138 4030 Curata
1155 3986 1267 4030 cuticula

141 4047 207 4108 aule]
234 4051 324 4094 Curate
349 4051 441 4097 scilicet
467 4065 481 4096 a
508 4055 694 4103 clarmuatiariis.
733 4058 795 4103 Num
812 4057 977 4102 cbrcrnatiarii
999 4056 1109 4100 dicuntur
1127 4055 1265 4107 cclcrerii,

142 4122 181 4164 vel
200 4120 240 4176 qui
260 4123 309 4164 tuto
331 4120 369 4164 die
389 4121 412 4164 in
432 4130 576 4170 arenasunt
592 4128 630 4172 vel
652 4129 676 4172 iu
696 4130 757 4176 sole.
795 4126 892 4183 Antiqui
919 4126 983 4170 enim
1003 4124 1126 4184 ungebant
1153 4138 1179 4168 se
1200 4128 1224 4168 et
1241 4125 1266 4167 iu

143 4191 196 4234 ¹0¹⁸
214 4193 296 4246 etant,
318 4194 343 4232 ut
360 4188 440 4235 oleum
460 4203 548 4247 corpus
567 4194 710 4243 imbibas-et:
743 4202 769 4241 ut
783 4195 903 4240 luvenalis
921 4193 981 4250 (tt,
1007 4191 1083 4253 203.)
1117 4192 1212 4242 Nostra
1230 4190 1265 4235 tt-

143 4257 187 4304 bat
205 4270 308 4302 vernum
324 4263 455 4305 contractu
472 4261 584 4308 cuticula
602 4266 682 4312 eutem
699 4262 861 4328 Effugiatque
880 4269 975 4325 iugum.

187 4339 279 4394 Eslogae
293 4338 336 4382 Lu.
346 4340 402 4384 tour.
1014 4347 1055 4408 14
1154 4383 1160 4396 .
