2948 4820
612 291 618 317 i

656 353 710 416 80.

124 455 327 540 Cecropides
349 467 454 520 terrae
479 475 543 519 vox
567 453 858 536 praestantissima,
885 455 983 520 maius
1058 455 1061 464 '

187 560 241 622 Nil
267 559 352 622 dedit
374 557 503 640 eloquio
527 557 661 620 Graecia
685 569 752 620 tota
777 568 855 620 tuo:

124 665 232 726 Ausus
255 681 389 743 natuque
412 660 524 722 oeulos
548 657 577 720 in
602 659 720 720 eaehun
742 658 829 720 serre
852 660 1032 742 deumque,

187 763 319 826 Alluees
343 761 459 823 nostris
483 759 626 823 moribus
648 759 720 822 inde
744 760 864 833 saeem3

125 863 272 946 Cumque
295 862 468 944 supercilio
493 861 598 924 Samio
621 864 659 923 de
683 862 817 923 Socrate
841 883 955 924 nasum-

187 964 318 1047 Iungis‚
344 984 426 1046 opus
447 965 547 1026 saneti
569 961 675 1026 nobile
698 960 829 1025 dissidii.

517 1175 520 1180 Ι
657 1100 710 1162 81.

126 1221 226 1286 Cuius
249 1241 300 1295 es,
326 1229 357 1284 et
380 1243 532 1305 quorsum
556 1221 676 1284 tumulo
700 1215 790 1284 Iovis
813 1221 953 1306 armiger
976 1223 1094 1287 instans
1161 1241 1163 1244 ·

190 1322 374 1406 Astrigeras
398 1323 503 1385 divuui
528 1320 662 1403 suspicis
685 1343 742 1385 ore
765 1323 901 1387 domos?

128 1425 267 1504 Speetor
290 1443 352 1506 ego
375 1426 414 1484 sd
436 1443 571 1504 superes
594 1421 713 1484 anirriae
738 1423 899 1488 volitantis
923 1425 1053 1510 iunget

189 1527 297 1588 Attica
321 1536 481 1608 terrenum
507 1537 592 1587 terra
617 1523 761 1590 Platonis
783 1527 891 1589 hebet.

657 1663 711 1726 82.

130 1784 223 1847 Unde
246 1802 308 1866 ego
332 1803 395 1846 non
420 1757 539 1857 disces,
564 1803 708 1864 necque
732 1781 789 1844 sini
814 1783 960 1848 nomine:
986 1787 1039 1845 sed
1063 1789 1150 1870 qued

190 1885 285 1948 Hune
308 1886 459 1946 tuuudruu
484 1885 629 1968 quisquis
652 1884 823 1966 praeterit,
849 1896 924 1968 opta
949 1887 1041 1950 inuri.
1117 1918 1119 1920 ·

662 2097 716 2160 83.

127 2233 242 2300 Funde
263 2245 370 2298 truees
393 2233 498 2314 spinas
521 2233 594 2296 hine
617 2245 711 2321 atque
735 2233 808 2296 hine
831 2235 982 2318 squallida
1007 2237 1120 2315 telius,

191 2339 434 2420 Horrentesque
456 2357 553 2418 super
575 2348 683 2399 nostra
707 2337 876 2416 sepulchra
900 2340 1020 2402 rubos:

127 2439 178 2502 Ne
203 2439 253 2500 vel
276 2429 347 2500 avis
366 2449 464 2522 ponat
487 2439 568 2500 levis
591 2439 643 2500 hie
665 2437 798 2521 vestigia
824 2460 924 2502 verno

192 2541 377 2622 Tempus,
401 2541 456 2600 sed
479 2560 597 2622 segrex
620 2551 652 2602 et
674 2539 741 2602 siue
764 2553 844 2604 teste
867 2543 992 2603 cubem.

126 2641 186 2704 Ille
209 2640 297 2702 serus
320 2662 385 2702 suin
411 2618 527 2714 iimo,
551 2641 626 2703 meis
650 2663 778 2726 ipsoque
802 2643 924 2704 civibus
948 2643 1068 2719 hostis,
1231 2648 1250 2710 5

193 2743 261 2805 Nee
283 2742 343 2806 Dis
368 2742 435 2824 ipse
458 2754 548 2824 putat
571 2765 654 2806 utine
677 2729 752 2807 satis
775 2765 844 2807 esse
866 2767 967 2810 suurn.
1037 2819 1041 2824 1

656 2882 709 2944 84.

127 3002 224 3064 Hune
246 3002 397 3064 truuuhun
421 3002 537 3078 transi,
563 3025 620 3064 nee
644 3024 691 3065 rue
716 3003 765 3064 vel
790 3023 870 3066 voce
892 3003 1012 3066 saluta:

160 3107 174 3120 ”
194 3105 262 3166 Nee
285 3125 334 3165 uie
357 3105 427 3187 quis
449 3104 584 3179 suerius,
610 3125 674 3187 quo
699 3105 864 3185 genitore,
893 3127 986 3188 roga.

129 3205 202 3280 Sin,
228 3227 266 3266 ue
288 3207 490 3286 propesitum
514 3227 649 3289 peragas
672 3207 749 3279 iter,
776 3219 806 3268 at
830 3206 1005 3270 taciturnus

192 3307 228 3370 Si
251 3307 414 3386 transibis,
441 3309 500 3370 iter
523 3307 568 3370 sie
590 3329 718 3390 qtioque
742 3329 779 3369 ne
802 3329 951 3390 peragas.
1026 3325 1033 3332 “

664 3447 718 3509 85.

128 3568 264 3632 Mor-tue
288 3566 337 3628 die
362 3566 496 3640 Timon,
514 3567 576 3634 Jux
600 3565 762 3648 displicet,
787 3587 824 3626 au
848 3567 999 3628 tenebrae
1022 3567 1119 3648 ptus?

194 3670 272 3732 Pius
295 3673 469 3746 tenebrae,
495 3681 636 3732 vestrum
659 3689 738 3751 pars
762 3667 834 3752 quia
859 3668 959 3732 uiniur
982 3668 1024 3730 ibi
1048 3680 1107 3732 est.
1132 3745 1136 3752 ῃ

660 3808 716 3871 86.

128 3929 282 4014 Improbe
304 3941 433 4012 praeter
457 3929 528 4007 abi,
552 3951 613 3992 nee
634 3951 692 3994 ave
716 3929 790 3992 mihi
814 3929 917 3993 dicere
940 3951 1030 3994 eura.

193 4031 228 4094 Si
249 4043 283 4094 tu
305 4053 369 4095 non
393 4033 498 4109 rides,
523 4035 585 4096 hoc
607 4045 655 4096 sat
680 4053 775 4095 avere
799 4032 873 4095 mihi
897 4045 956 4096 est.

303 4143 387 4221 Suuti
404 4177 540 4222 Tenebrae.
578 4175 664 4224 Piures
684 4179 774 4223 Oreum
794 4178 901 4224 habitunt
920 4179 1037 4223 houunes.

200 4243 242 4294 86.
264 4243 288 4291 2.
308 4247 366 4292 Seil.
388 4249 446 4292 oliui
465 4247 586 4306 tegebatur
605 4245 708 4312 γελᾶν.
762 4242 765 4251 “
