2952 4826
153 157 252 224 Ι58

210 318 291 382 Esse
311 321 448 400 queunt3
471 306 725 394 duplicinatura
744 317 776 372 et
798 326 941 390 corpore
958 304 1038 373 bino

209 421 264 483 Ex
286 413 472 499 alienigenis
490 411 641 477 membris
664 420 833 493 compacta
855 419 1015 493 potestas,

209 519 297 585 Hinc
315 517 406 582 illiue
422 538 483 599 per
504 514 552 578 vis
574 526 691 578 utnon
714 510 762 576 sic
784 533 851 576 esse
873 511 1015 596 potissit.

209 624 249 687 Id
271 620 346 684 licet
367 616 443 682 hinc
464 616 610 702 quamvis
631 613 740 679 hebeti
759 634 959 698 cognoscere
982 615 1096 678 corde.
1264 618 1330 682 880

272 718 462 802 Principio,
486 717 607 782 circum
629 715 732 780 tribus
753 714 832 778 actis
850 715 990 798 impiger
1007 715 1097 780 annis

209 825 324 891 Floret
342 843 459 908 equus3
481 842 561 902 puer
583 821 668 882 baud
692 838 870 904 quaquam,
894 815 971 902 quin
990 837 1084 901 saepe
1103 817 1196 882 etiam
1218 830 1294 882 tunc

208 913 319 992 Ubere
337 944 540 986 mammarum
559 921 592 984 in
613 919 733 984 somnis
753 917 902 982 lactantia
919 931 1064 1003 quaeret.

208 1030 290 1093 Post
311 1025 366 1089 ubi
389 1047 502 1111 equum
529 1021 650 1086 validae
673 1022 758 1084 vires
780 1031 882 1084 aetate
904 1032 1031 1084 senecta

209 1129 425 1211 Membraque
446 1121 596 1187 deliciunt
618 1121 754 1206 fugienti
775 1121 927 1207 languida
949 1123 1032 1200 vite,
1086 1187 1092 1198 ,
1263 1125 1327 1188 885

209 1232 291 1292 Tum
316 1231 456 1302 demum,
477 1223 594 1307 puerili
615 1244 695 1288 aevo
715 1223 869 1300 florente,
890 1223 1037 1289 iuventas

210 1329 318 1397 Officit
339 1341 371 1394 et
393 1328 484 1393 molli
506 1326 602 1390 vestit
622 1326 772 1410 lanugine
793 1326 908 1390 males:

207 1435 259 1498 Ne
280 1433 366 1496 sorte
387 1453 428 1495 ex
451 1431 581 1494 homine
602 1438 634 1492 et
656 1425 803 1491 veterino
820 1427 939 1492 semine
960 1450 1116 1514 equorum

208 1534 355 1600 Conlieri
375 1535 488 1608 credas
509 1531 689 1596 Centauros
714 1549 811 1612 posse
834 1552 937 1616 neque
959 1553 1047 1609 esse,

208 1640 274 1702 Aut
294 1634 415 1698 rabidis
437 1633 568 1696 canibus
589 1630 768 1694 succinctas
797 1632 1007 1698 semimarinis
1264 1636 1328 1700 890

209 1736 417 1820 Corporibus
437 1734 562 1816 Scyllas
585 1743 616 1795 et
639 1743 745 1796 cetera
765 1736 804 1796 de
826 1754 943 1819 genere
964 1739 1099 1814 horum,

136 1845 139 1850 ’
206 1841 298 1902 Inter
320 1859 352 1901 se
371 1858 508 1923 quorum
531 1833 694 1898 discordia
717 1838 861 1899 membra
882 1835 1047 1902 videmus:

209 1941 300 2022 Quae
322 1960 424 2024 neque
445 1938 621 2001 florescunt
642 1936 766 2019 pariter
788 1960 848 2002 nec
870 1941 993 2004 robora
1017 1952 1143 2002 sumunt

208 2040 415 2124 Corporibus
436 2062 538 2126 neque
559 2039 730 2122 perficiunt
751 2051 852 2105 aetate
872 2052 998 2105 senecta

207 2147 278 2208 Nec
300 2142 395 2206 simili
417 2145 546 2206 Venere
568 2146 736 2206 ardescunt
756 2163 815 2206 nec
839 2143 984 2208 moribus
1002 2142 1072 2207 unis
1262 2146 1324 2208 895

208 2245 413 2312 Conveniunt
435 2265 537 2330 neque
559 2256 630 2308 sunt
652 2248 761 2308 eedem
781 2245 918 2309 iocunda
940 2267 999 2329 per
1021 2257 1130 2310 artus:

260 2481 320 2530 877.
340 2489 431 2543 queunt
448 2483 520 2528 etiem
540 2483 569 2526 C.
588 2481 619 2526 E.
639 2505 672 2516 -
691 2488 784 2542 queui-
798 2507 807 2518 -
821 2489 951 2541 compacto
962 2488 1077 2540 potestne
1090 2484 1210 2532 Audies.
1238 2486 1324 2529 lmmo-

208 2559 275 2598 rutur
301 2555 355 2598 hnc
380 2554 486 2610 opinioni
511 2552 657 2597 refellendae
682 2553 814 2607 respiciens
839 2567 885 2596 uon
904 2554 984 2597 sotum
1002 2551 1105 2596 fortasse
1124 2555 1154 2598 ud
1172 2553 1277 2598 inbutum
1295 2556 1325 2598 de

208 2625 351 2678 Centauris,
371 2625 413 2667 sed
434 2625 504 2666 etiem
524 2623 552 2664 ud
572 2622 724 2676 Empedoclis
743 2623 814 2666 illud:
842 2620 878 2680 (v.
894 2619 1014 2678 etesi.)
1045 2618 1139 2670 πολλὰ
1156 2619 1212 2686 μὲν
1230 2617 1327 2686 ἀμφι-

207 2687 353 2762 ιιρόσωιια
375 2690 427 2740 καὶ
451 2685 642 2759 ἀμφίστερνα
664 2685 810 2752 φύεσθαι,
838 2687 983 2756 βουγενῆ,
1013 2683 1227 2762 ἀνδρόπρωρα,
1246 2689 1327 2742 τὰδ’

207 2754 334 2825 ἔμπαλιν
351 2753 552 2822 ἐξανατέλλειν
566 2755 737 2830 ἀνδροφυῆ,
765 2753 921 2829 βούκρανα
948 2763 1117 2825 μεμιγμένα
1139 2756 1176 2811 τὰ
1199 2758 1255 2824 μὲν
1278 2754 1327 2812 ὑπ’

208 2825 338 2902 ἀνδρῶν,
366 2827 403 2899 τῇ
422 2827 451 2878 δὲ
470 2825 658 2892 γυναικοφυῆ
678 2833 808 2898 σκιεροῖς
825 2823 983 2893 ἠσκημένα
1000 2829 1105 2894 γυίοις.
1138 2832 1250 2876 ceterum
1263 2832 1325 2876 Cen-

208 2907 290 2946 tauros
309 2901 446 2957 Scyllaeque
465 2903 526 2953 epnd
545 2901 627 2953 poetes
653 2902 676 2941 et
699 2899 723 2940 in
746 2900 849 2955 antiquis
866 2901 1025 2944 monumentis
1044 2901 1133 2956 passim
1154 2901 1264 2958 coniungi
1283 2900 1326 2945 ob·

207 2974 288 3015 servet
307 2969 414 3013 visconti
433 2969 520 3012 Museo
538 2967 677 3010 Pio-clem.
692 2965 716 3011 5.
731 2979 755 3021 p.
771 2965 813 3011 21.
837 2966 911 3012 Lucr.
926 2966 956 3021 l,
972 2966 1031 3016 736.
1056 2967 1233 3029 tenuato.
1264 2972 1324 3015 siat.

207 3041 266 3084 sttv.
282 3034 312 3092 5,
327 3035 356 3092 3,
372 3034 432 3082 280.
476 3034 535 3081 879.
561 3037 615 3090 „ltu
635 3040 661 3079 ut
680 3048 708 3078 ex
728 3040 826 3093 intraque
846 3043 912 3090 purte
932 3039 1048 3092 monstri,
1068 3052 1097 3083 ex
1116 3039 1210 3082 homine
1230 3044 1285 3094 pute
1303 3043 1326 3083 et

208 3123 268 3166 equo
288 3107 434 3160 constantis,
455 3110 557 3163 nequest
574 3118 627 3150 esse
647 3118 690 3160 pur
711 3106 800 3149 utilitas
819 3107 1009 3150 membrorum.”
1028 3108 1101 3152 Wsli.
1131 3107 1244 3152 Ceterum
1256 3109 1325 3152 Beli.

206 3179 253 3222 Ar.
268 3179 304 3221 lu.
317 3178 364 3222 A.:
385 3174 451 3222 Hinc
464 3177 535 3220 illinc
544 3189 595 3232 per
608 3174 647 3219 oie
665 3179 691 3219 ut
708 3188 758 3218 non
774 3189 825 3232 pur
844 3189 899 3219 esse
914 3177 983 3232 potis
1001 3177 1044 3220 sit.
1082 3177 1173 3221 Contra
1190 3177 1239 3223 m:
1259 3176 1326 3222 Hinc

207 3249 279 3292 illinc
299 3251 324 3290 ut
342 3259 391 3290 non
409 3246 443 3290 eit
457 3259 522 3303 pure
542 3259 597 3289 erse
614 3245 682 3301 potis
699 3245 744 3289 eit.
781 3245 824 3290 Cd.
845 3246 893 3290 C.:
922 3243 988 3288 Hinc
1014 3246 1086 3290 illinc
1100 3247 1206 3304 purim:
1234 3251 1327 3292 utnon

203 3318 241 3362 ‘sit
257 3330 320 3374 pars
339 3328 396 3360 esse
409 3317 479 3373 polis
497 3315 548 3368 eit,·
577 3317 636 3358 edeo
661 3320 686 3358 ut
709 3315 807 3360 minime
833 3317 921 3360 errarit
938 3316 1028 3368 walu,
1059 3317 1121 3372 quod
1141 3316 1272 3360 nrbitretus
1291 3321 1327 3361 est

206 3387 282 3430 For-b.
320 3383 379 3429 882.
400 3387 426 3428 ln
440 3385 516 3429 Codd.
531 3391 601 3442 atque
613 3384 673 3428 Edd.
685 3389 743 3430 vett.
757 3386 823 3429 deest
834 3391 856 3430 et
871 3387 921 3439 itu,
939 3391 962 3428 et
975 3385 1052 3442 quim
1071 3387 1116 3429 Cd.
1130 3385 1160 3430 tt.
1172 3383 1240 3430 desid
1249 3399 1327 3444 quon·

207 3470 281 3516 quom
299 3468 374 3513 coepe
394 3456 469 3498 etium
487 3468 562 3498 nunc.
601 3455 626 3498 ln
643 3461 766 3513 inergine:
799 3456 885 3508 „Addo
899 3452 960 3506 sed,·
979 3458 1044 3497 insito
1063 3449 1213 3514 quuquum.’'
1239 3455 1325 3500 Cd.C.

206 3545 239 3562 ι-
258 3524 326 3569 haud
344 3538 468 3584 quoquam
486 3524 561 3568 etium
580 3537 646 3568 niune
664 3539 712 3569 om.
727 3524 786 3583 quin
800 3539 885 3580 saepe.
913 3523 987 3567 lluius
1003 3525 1056 3567 loco
1069 3524 1114 3568 Av.
1127 3527 1157 3571 P.
1174 3526 1328 3570 inseruerunt

207 3595 274 3654 quio.
295 3597 349 3639 Ald.
369 3595 438 3654 quin.
458 3591 677 3652 (Ιιααᾰριιαρααιη,
691 3594 751 3652 quin
764 3606 839 3650 saepe
852 3593 1018 3644 etiamnunc)
1035 3594 1104 3650 idque
1118 3596 1246 3650 sevorum
1267 3596 1327 3653 ραιή

207 3665 260 3709 scil.
282 3664 422 3719 absorptum
439 3664 484 3707 luit
502 3677 515 3704 s
535 3663 689 3717 praecedente
708 3662 799 3712 syllaba
817 3677 901 3721 quium.
931 3663 1013 3705 ltulnm
1034 3664 1243 3718 interpolationem
1262 3666 1325 3719 sopit

207 3735 264 3777 illud
283 3735 319 3777 itu
335 3735 404 3778 unius
419 3735 480 3777 Cod.
499 3731 657 3776 recentissimi
670 3730 708 3778 Ω.
726 3744 794 3790 quem
808 3733 884 3776 secuti
900 3737 952 3774 snm
966 3733 1009 3776 W.
1022 3732 1116 3778 Eielist.
1136 3732 1205 3778 houd
1217 3735 1254 3777 ita
1266 3747 1327 3792 quu-

207 3816 297 3861 φωνὴ·
315 3816 389 3861 saepe
408 3803 483 3846 etium
501 3815 581 3855 nunc,
602 3813 645 3855 pro
663 3813 709 3858 quo
724 3802 768 3844 Av.
789 3803 818 3845 P.
840 3815 886 3845 non
901 3803 963 3845 inste
982 3801 1057 3844 etium
1077 3810 1144 3847 tunc.
1167 3799 1240 3860 [qnod
1266 3817 1327 3846 nuuc

209 3871 333 3930 praetuli]
387 3869 447 3917 883.
468 3872 494 3914 ιά
507 3869 614 3926 cornuis]
628 3873 660 3914 ltu
673 3871 750 3915 Codd.
761 3871 823 3914 Edd.
839 3884 923 3914 omnes
936 3871 1027 3915 Eiehst.
1043 3872 1113 3930 idque
1127 3886 1210 3916 verrini
1228 3887 1326 3916 censeo.

207 3941 273 3984 Puer
291 3942 391 3986 triennis
409 3942 532 3985 somnians
551 3945 641 3984 tentum
659 3955 785 3984 mammem
805 3941 908 3998 quaerit.
935 3941 1059 3986 iusosnns'e
1074 3943 1146 3986 Wslt.
1160 3942 1223 3985 corii.
1239 3939 1327 3998 (,‚utffi-

208 4011 275 4064 cilis,
290 4011 442 4068 querulus.'’)
469 4011 518 4054 Per
538 4011 642 4054 similem
657 4004 810 4072 ἄβλεψίαν
824 4023 906 4054 rerum
922 4012 1065 4054 naturalium
1081 4013 1140 4058 llev.
1159 4011 1281 4054 laetantia
1299 4023 1327 4056 ex

209 4077 311 4125 dCodd.
326 4079 461 4136 (etiamE.)
471 4081 570 4134 recepit.
617 4080 653 4124 lb.
673 4086 783 4138 quaeret.
798 4080 832 4124 ltu
846 4080 921 4124 Codd.
937 4081 995 4125 llnv.
1007 4080 1050 4124 W.
1070 4104 1103 4114 —
1122 4081 1220 4139 quaerit
1232 4081 1278 4124 Αν.
1295 4079 1325 4124 L.

209 4146 268 4194 88⁶.
281 4148 417 4218 ltu-CAEA
431 4162 469 4204 pr.
483 4163 516 4193 iu.
531 4151 560 4194 Α.
571 4151 613 4194 W.
627 4151 707 4194 Asec.
717 4163 749 4194 m.
760 4151 820 4196 inE.
832 4163 954 4206 superser.
969 4161 1003 4203 u;
1021 4155 1047 4194 ut
1061 4151 1092 4195 sit
1097 4149 1208 4212 florento
1216 4162 1227 4204 ,·
1240 4155 1264 4194 et
1274 4149 1326 4194 sic:
