2964 4814
243 217 304 280 158

174 371 177 378 “
268 351 272 360 ’
309 375 462 454 Quaeque
486 368 541 432 tihi
565 365 694 448 excepi,
719 367 779 430 iam
804 371 861 432 dea
886 367 1091 432 Leucothoe!

242 476 288 538 At
311 487 345 537 tu
368 472 423 536 vix
445 472 564 554 primas
587 471 746 534 extollens
770 468 897 553 gurgite
920 470 1041 550 palmas

304 577 407 656 Saepe
430 595 531 636 meuru
558 593 671 636 noraicu
694 570 754 634 iam
777 571 918 652 peritura
942 593 1053 635 vocas.

238 678 334 757 Quod
357 676 384 738 si
405 675 491 737 forte
515 685 587 737 tuos
611 671 739 735 vidisset
764 673 905 735 Glaucus
930 672 1070 745 ocellos,

300 781 398 841 Esses
423 776 508 840 lonii
530 777 614 838 facta
639 775 744 856 puella
770 773 888 848 tataris,

237 882 281 942 Et
301 877 360 941 tibi
385 881 427 940 ob
450 876 598 939 iuvidiam
621 874 775 939 Nereides
798 874 1043 957 increpitarent,

303 980 442 1044 Candida
467 980 610 1051 Nesaee,
636 978 760 1038 caerula
784 974 979 1055 Cymothoe.

163 1143 167 1156 ,
239 1083 301 1144 Sed
325 1081 382 1143 tibi
406 1079 547 1142 subsidio
570 1077 751 1158 delphinum
776 1097 907 1142 currere
930 1077 1014 1152 vidi,

300 1183 391 1262 Qui,
416 1193 517 1262 puto,
543 1179 708 1244 Arioniam
734 1190 865 1241 vexerat
887 1181 1100 1258 aute'lyraru:

236 1287 368 1366 Iamque
392 1305 453 1366 ego
477 1284 621 1344 conabar
642 1302 765 1344 acerrimo
789 1301 837 1343 rue
858 1281 984 1344 mittere
1005 1301 1103 1355 saxo,

300 1386 406 1464 Qtroru
431 1383 507 1446 mihi
531 1382 677 1446 discussit
700 1383 771 1444 talia
796 1381 860 1444 visa
886 1393 998 1444 ruetrrs.

524 1572 621 1631 Laeui
645 1569 711 1630 ΙΙΙ.
736 1569 830 1646 (IV.)
855 1567 1032 1631 ELEGIA
1055 1568 1084 1628 Ι.

237 1689 425 1755 Callimachi
448 1691 565 1752 Manes
589 1699 619 1752 ct
643 1687 706 1750 Coi
728 1709 819 1750 sacra
841 1687 1003 1760 Philemo,

300 1795 339 1856 In
365 1803 523 1863 vestrum,
549 1811 688 1875 quaeso,
713 1811 762 1851 rue
785 1787 878 1851 sinite
901 1788 949 1850 ire
972 1810 1092 1850 notariis.

236 1893 363 1958 Primus
387 1915 450 1976 ego
472 1892 639 1972 ingredior
662 1912 746 1972 puro
769 1890 917 1954 delente
941 1893 1091 1978 sacerdus

299 1995 378 2057 Itala
402 2016 461 2075 per
484 1995 601 2056 Graios
625 1993 716 2076 orgia
739 1992 826 2054 ferre
850 1992 982 2053 choros.

206 2167 208 2176 Α
236 2095 362 2172 Dicite,
387 2117 452 2178 quo
474 2095 596 2176 pariter
619 2115 746 2156 eariueu
770 2092 923 2154 tenuastis
946 2092 976 2152 iu
1001 2103 1114 2168 antro,

300 2198 415 2276 Qtrove
438 2198 517 2278 pede
540 2195 699 2278 ingressi,
726 2215 861 2278 quamve
885 2193 1006 2256 bibistis
1030 2195 1168 2276 aquam?

235 2297 287 2359 Ah
310 2297 433 2371 valeat,
458 2298 625 2359 Phoebum
651 2295 828 2378 quicunque
851 2306 992 2358 moratur
1016 2296 1046 2357 in
1070 2296 1181 2358 arinis!

198 2411 216 2475 '—
297 2399 440 2461 Exactus
462 2397 550 2459 tenui
573 2397 696 2477 pumice
718 2417 830 2458 versus
854 2407 921 2470 eat,

243 2501 316 2578 Quo
341 2520 388 2561 rue
412 2499 507 2560 Fama
530 2499 617 2560 levat
640 2508 725 2560 terra
749 2497 890 2560 sublimis
914 2511 945 2560 et
968 2521 985 2560 a
1010 2521 1058 2562 me

289 2689 327 2736 15.
359 2689 387 2734 ob
418 2687 539 2732 iuvidiam
566 2705 577 2734 e
609 2689 668 2733 Cdd.
698 2690 746 2732 lac.
776 2687 822 2732 La.
855 2711 883 2720 -
907 2703 972 2746 praa
999 2687 1094 2732 invidia
1119 2689 1254 2746 Regiensis.
1276 2694 1350 2750 Vulg.

238 2759 279 2806 tt.
299 2785 331 2794 —
350 2758 491 2803 scabridinem
510 2758 567 2805 Alii.

609 2873 663 2917 Lan.
685 2873 729 2916 111.
751 2873 818 2930 (IV.)
836 2871 932 2917 Ense.
954 2873 973 2916 l.

287 2969 310 3013 l.
331 2968 431 3022 Scripta
450 2969 534 3012 Valclt.
556 2969 651 3015 Callian.
670 2968 708 3013 Et.
728 2969 816 3026 fragm.
839 2983 861 3024 p.
885 2968 907 3013 l.
937 2969 1061 3023 aptissima
1088 2969 1179 3012 scilicet
1200 2962 1353 3024 opp‘osittone

236 3037 349 3082 Manium
371 3042 395 3080 et
419 3037 591 3094 scripturum!
620 3037 701 3081 Sacra
725 3036 836 3082 Pteleum
863 3040 942 3094 utique
967 3037 1106 3092 explicanda
1131 3051 1160 3081 ex
1182 3038 1289 3083 Martial.
1315 3037 1351 3092 't'‚

237 3107 278 3152 62.
316 3106 397 3150 Sucro
416 3131 425 3140 ·
444 3103 561 3148 hieronis
580 3108 596 3150 i.
623 3121 645 3150 6.
672 3121 711 3150 ars
735 3109 874 3160 recondita,
896 3121 954 3162 quae
980 3107 1003 3149 iu
1027 3106 1079 3160 ipso
1099 3109 1169 3160 poe'ta
1193 3109 1250 3150 otim
1274 3107 1355 3152 tuerat
1411 3159 1416 3170 ,

234 3179 304 3234 atque
331 3176 463 3220 etiamnunc
493 3188 535 3228 per
564 3179 614 3219 eius
642 3177 731 3230 scripta
759 3181 789 3219 se*
806 3177 894 3230 prodit.
939 3174 1047 3218 Diverso
1066 3176 1194 3228 paullulum
1218 3174 1353 3234 significatu

234 3245 305 3292 ovid.
325 3258 359 3286 ex
377 3243 453 3290 Ponto
472 3240 500 3297 3,
523 3241 551 3295 l,
574 3242 615 3288 tt.
660 3244 722 3288 Stant
739 3243 802 3287 milri
820 3245 944 3288 vobiscum
964 3244 1105 3290 communia
1120 3248 1214 3298 sacra,
1244 3245 1350 3302 pod'taa,

235 3313 262 3357 lu
281 3319 363 3358 oestro
380 3312 482 3356 miseric
500 3313 525 3356 ai
542 3313 601 3368 licet
618 3327 674 3356 esec
702 3310 794 3366 choro;
824 3319 847 3356 et
870 3314 941 3356 Pers.
962 3313 1031 3355 Prot.
1054 3310 1077 3356 7.
1098 3325 1175 3355 sacru
1191 3318 1291 3367 rutum,
1323 3315 1352 3356 de

137 3397 141 3406 ¹
234 3384 339 3426 omniurn
358 3383 484 3436 po'e'tarurn
498 3383 570 3426 vetuti
589 3383 714 3435 sodalitio,
735 3395 778 3424 sua
797 3394 865 3424 saera
880 3381 1000 3434 habente,
1021 3381 1059 3424 ubi
1081 3383 1176 3425 laudaut
1198 3382 1308 3426 Platonis
1328 3383 1352 3426 in

233 3453 337 3506 Euthyd.
359 3463 382 3505 p.
404 3448 463 3495 277.
484 3445 520 3498 τὰ
539 3445 604 3519 ἱερὰ
623 3445 660 3498 τὰ
679 3445 859 3510 σοφιστικοὶ,
878 3451 940 3506 quod
957 3455 1035 3494 tamen
1054 3451 1223 3503 homonymum
1242 3454 1279 3494 est
1298 3447 1353 3512 τῆς

233 3517 360 3582 τελετῆς.
397 3520 679 3574 Vulpiusiuterpretatus
699 3525 734 3562 est
750 3531 856 3576 manes;
877 3519 918 3563 sed
938 3520 959 3562 iu
983 3519 1060 3572 toris,
1081 3531 1140 3575 qraos
1162 3520 1256 3571 tnudat,
1278 3519 1350 3562 Ouid.

234 3591 294 3634 Met.
317 3587 364 3642 ll),
387 3584 445 3633 696.
483 3590 549 3632 Ferat.
575 3586 604 3640 6,
626 3585 684 3633 tte.
704 3601 751 3631 vox
769 3601 845 3631 aecru
867 3586 993 3643 utrobique
1010 3585 1128 3645 significat
1150 3585 1226 3631 Dedin
1245 3587 1352 3630 simule-

234 3672 288 3702 666.
325 3658 452 3701 Paldatuus
471 3657 558 3710 accipit
580 3668 640 3710 pro:
662 3670 750 3709 „sacer
768 3656 889 3700 Phileta.”
907 3661 931 3700 et
948 3656 1031 3699 lacobs
1051 3653 1218 3710 (Rlumeulcac
1238 3669 1261 3710 p.
1278 3653 1352 3708 194.)

233 3741 321 3781 „sacra
349 3725 456 3769 Philetas
467 3722 518 3782 fiir
537 3723 585 3768 den
601 3722 713 3768 Philetas
732 3725 829 3778 aeldat,
861 3723 907 3768 der
925 3721 990 3768 nacla
1014 3725 1109 3767 aetnam
1129 3723 1212 3778 Todc,
1246 3723 1292 3766 tric
1310 3719 1352 3767 dic

233 3794 324 3840 titanas
343 3791 494 3850 iiberhuupt,
526 3790 636 3837 ludheren
653 3793 767 3838 Nuturcn
791 3790 961 3851 deyzuzdtllen
979 3793 1039 3837 iat.”
1072 3790 1184 3836 Philetus
1202 3793 1354 3846 Praeceptor

233 3864 365 3908 Ptolemaei
389 3863 552 3920 Philadelphi,
571 3863 674 3917 scriptor
693 3864 823 3920 elegiarum
845 3866 869 3905 et
889 3863 1104 3918 epigrammatum,
1131 3863 1198 3904 cuius
1215 3861 1353 3918 fragmenta

235 3933 332 3989 collegit
352 3929 403 3978 Nic.
425 3932 526 3976 ssachius
548 3931 622 3978 llalis.
646 3929 721 3977 1829.
743 3930 767 3974 8.
824 3928 848 3974 l.
869 3930 964 3974 luitium
982 3931 1083 3974 alterius
1106 3929 1196 3987 elegiae
1223 3941 1351 3985 perperam

234 4002 257 4044 h.
279 4001 296 4042 l.
316 4001 433 4044 intrusum
450 4001 524 4044 luisse
544 4000 594 4043 sine
614 4014 685 4044 eausa
703 4001 836 4054 suspicatur
854 4001 939 4043 Valck.
952 4029 958 4051 ,
979 4000 1017 4055 qui
1037 4001 1149 4042 arrdacter
1167 4011 1190 4040 v.
1212 3994 1236 4040 4.
1258 3999 1290 4040 ita
1309 4011 1350 4040 re·

233 4067 314 4126 fingit:
335 4065 417 4111 Greia
436 4082 482 4124 per
496 4067 599 4112 Italicos
617 4070 692 4128 orgia
703 4065 779 4125 serre
797 4065 900 4122 choros,
923 4068 984 4124 quod
999 4066 1196 4122 interpretatione
1215 4066 1261 4108 iarn
1282 4077 1352 4119 prae-

233 4140 329 4190 ceperat
346 4137 503 4180 Burmanuus.
542 4139 672 4195 Vulgatae,
698 4151 756 4192 quae
774 4141 839 4180 recte
863 4137 942 4189 babet,
969 4133 1116 4193 significatus
1135 4139 1188 4179 est:
1217 4133 1307 4176 Poe'sin
1328 4146 1349 4175 s.

235 4205 313 4258 potius
332 4203 431 4262 elegiam
459 4207 579 4249 dumtaxat
604 4206 855 4262 Latiuainfflrimua,
884 4205 955 4260 (quod
975 4208 1052 4247 tatrneu
1072 4217 1101 4248 ex
1128 4203 1200 4246 solito
1225 4205 1351 4256 poetarum

235 4273 398 4316 Rornanorum
418 4288 484 4318 inore
503 4275 591 4318 dietum
610 4275 635 4316 h.
656 4275 672 4316 l.
693 4273 763 4316 uirtus
782 4274 913 4328 urgendum
932 4286 977 4315 non
997 4270 1044 4328 est)
1064 4271 1211 4316 conformavi
1231 4272 1260 4316 ad
1273 4269 1350 4312 Grae-
