2964 4814
1187 214 1246 277 126

124 375 225 448 ipsam
241 371 407 444 Evergetae
428 366 649 442 expeditionem
666 355 701 422 'in
719 365 841 440 Syriam
858 370 978 442 nuptias
1001 371 1094 426 luisse
1114 368 1250 428 celebra·

123 477 172 521 tas
190 486 218 520 a.
238 465 293 521 216
307 463 356 518 vel
372 465 456 529 2454
477 478 574 536 neque
594 478 629 515 ea
649 461 680 514 in
701 478 735 516 re
756 471 807 516 aut
818 460 883 516 falli
908 472 958 516 aut
979 463 1116 520 consulto
1129 466 1249 521 mentiri

123 539 247 633 poterat
267 556 477 612 Callimachus.
517 553 663 610 Foscolus
690 553 810 628 quidem
833 555 912 610 inter
932 556 1060 629 primum
1085 575 1120 614 ac
1141 573 1250 613 secun·

127 651 199 707 dum
220 648 329 707 bellum
349 667 398 704 eas
415 649 516 722 ponit;
538 646 669 704 Vaillant
686 647 805 702 easdem
825 647 861 702 ad
881 667 908 702 a.
927 647 993 704 210.
1014 650 1117 705 refert.
1158 649 1251 707 Calli-

127 745 228 799 machi
249 761 322 797 vero
346 752 434 816 atque
454 741 568 815 Hygini
589 739 795 795 testimoninm
819 755 855 792 eo
873 755 919 792 me
948 738 1047 809 ducit,
1078 750 1111 797 ut
1130 739 1250 816 Magam

129 839 255 892 circiter
275 855 301 890 a.
323 838 387 893 2118.
409 844 560 888 mortuum
580 850 646 887 esse
672 828 814 886 arbitrer.
855 830 934 886 Nihil
958 833 1037 887 enim
1061 834 1197 906 profecto
1219 835 1250 890 in

102 962 107 970 ‹
129 947 236 984 caussa
258 938 319 995 est,
354 945 409 982 cur
427 937 607 991 statuamus,
637 939 710 980 eum·
724 925 823 979 statim
846 935 914 998 post
939 923 1082 998 Ophellae
1105 925 1251 982 desectio·

129 1041 216 1087 nem,
238 1040 264 1074 a.
286 1026 352 1080 507.
374 1019 501 1091 Cyrenis
521 1019 613 1074 fuisse
632 1017 833 1090 praelectum,
866 1035 923 1092 qna
948 1036 985 1072 ex
1007 1019 1124 1074 ratione
1147 1021 1250 1102 utique

130 1117 213 1170 circa
236 1132 262 1168 a.
285 1120 351 1173 258.
378 1111 507 1178 obierit,
541 1127 664 1167 necesse
688 1120 742 1164 est.
784 1111 841 1177 At,
873 1111 923 1184 qui
943 1111 983 1166 ita
1007 1121 1157 1180 statuunt,
1191 1131 1251 1188 quo

130 1207 250 1262 tandem
277 1202 426 1278 probabili
460 1223 592 1280 unquam
624 1212 801 1277 argumento
834 1203 990 1270 evincent,
1025 1205 1161 1278 Apamen
1195 1223 1251 1280 per

129 1298 288 1355 duodecim
310 1299 466 1352 minimum
487 1315 582 1352 annos
604 1298 811 1364 (258-216.)
840 1293 919 1350 filiae
940 1297 1164 1352 matrimonium
1192 1297 1251 1354 dil-

129 1393 211 1447 ferrc
237 1389 392 1464 potuisse?
442 1389 550 1446 Omnia
571 1391 666 1456 euim,
702 1405 777 1462 quae
804 1388 936 1444 Iustinus
966 1390 1077 1456 tradit,
1109 1389 1253 1447 breviore

130 1495 214 1540 certe
235 1485 379 1556 temporis
407 1485 504 1556 spatio
537 1485 657 1538 evenire
680 1479 858 1536 debuerunt.
901 1479 962 1538 Sed
982 1482 1071 1557 longe
1091 1483 1251 1540 falsissima

129 1576 239 1650 procul
253 1576 343 1630 dubio
358 1585 403 1629 est
425 1577 527 1649 opinio
548 1573 886 1647 Champollion-Figeac
901 1573 983 1629 Anu.
1005 1574 1056 1630 des
1077 1575 1151 1651 Lag.
1168 1576 1205 1632 T.
1222 1584 1249 1632 2.

130 1689 161 1742 p.
180 1677 238 1735 28,
258 1670 307 1743 qui
322 1669 437 1723 elevato
454 1669 600 1722 Athenaei
618 1666 654 1722 de
672 1669 928 1742 quinquagenaria
943 1668 1048 1742 Magae
1062 1669 1251 1743 praefectura

129 1764 319 1828 testimonio,
342 1761 525 1835 calidinsquc
549 1771 670 1833 arrepta
691 1779 765 1834 vaga
791 1759 840 1815 illa
863 1760 971 1816 Iustini
994 1751 1047 1829 26,
1070 1767 1097 1820 5.
1114 1781 1166 1832 per
1178 1762 1252 1814 idem

131 1865 241 1926 tempus
253 1854 398 1918 formula,
420 1853 524 1928 Magne
540 1853 751 1919 defectionem,
767 1853 928 1908 Berenices
941 1854 1108 1928 sponsalia,
1131 1856 1256 1929 nuptias·

131 1947 168 2003 ab
187 1949 302 2020 Apame
322 1947 445 2012 dilatas,
468 1947 643 2020 easdemque
665 1945 830 2000 celebratas
851 1947 929 2001 intra
954 1965 1064 2002 annum
1078 1955 1144 2005 270.
1164 1966 1252 2003 coar·
1315 1948 1319 1956 ’

131 2051 192 2106 tat,
228 2038 266 2094 ob
303 2042 392 2094 unius
427 2039 538 2096 Suidae
564 2041 785 2106 testimonium,
820 2041 926 2114 quiin
953 2057 1026 2096 voco
1054 2041 1253 2119 Καλλίμαχος

132 2133 170 2189 Τ.
190 2140 218 2187 2.
240 2131 326 2186 Kust.
349 2149 418 2206 pag.
436 2139 500 2190 252.
524 2161 559 2175 --
579 2131 749 2211 παρέτεινε,
765 2133 879 2207 inquit,
900 2131 992 2211 μέχρι
1010 2134 1065 2190 τοῦ
1084 2130 1252 2211 Εὐεργέτου

130 2224 301 2296 κληθέντος
320 2225 523 2302 Πτολεμαίου.
557 2221 725 2302 Ὀλυμπιὰς
745 2221 774 2282 δὲ
794 2224 833 2298 ἦν
853 2225 940 2301 (ruff,
971 2217 1008 2298 ἧς
1026 2221 1108 2284 κατὰ
1127 2221 1163 2283 τὸ
1182 2221 1253 2283 δεύ-

130 2337 221 2394 τερον
251 2313 319 2380 Ὶέτος
344 2317 361 2373 ὁ
388 2315 553 2392 Εὐεργέτης
579 2317 694 2392 ἤρξατο
724 2319 777 2390 τῆς
801 2317 968 2395 βασιλείας.
1015 2316 1109 2388 Quem
1137 2318 1253 2374 scilicet

132 2419 286 2464 auctorem
310 2410 335 2462 si
356 2427 532 2483 sequamur,
563 2408 750 2464 Ptolemaeus
777 2410 960 2484 Euergetes,
993 2429 1068 2484 puer
1087 2422 1160 2467 tunc
1184 2421 1252 2466 octo

130 2503 195 2556 fere
215 2518 363 2555 annorum
384 2507 492 2568 (mater
509 2502 587 2556 enim
606 2503 669 2556 eius
691 2502 822 2557 Arsinoe
837 2503 1050 2574 Lysimachia.
1068 2509 1134 2564 281.
1150 2505 1254 2578 Aegy-

130 2603 217 2667 ptum
235 2595 436 2660 intraverat,)
463 2612 543 2648 anuo
565 2595 622 2648 iam
643 2601 707 2651 270.
737 2595 948 2651 et‘Bereniccs
969 2597 1079 2649 coniux
1106 2607 1135 2651 ct
1157 2595 1253 2668 Cyre-

130 2704 240 2742 narum
260 2685 419 2750 dominus,
454 2688 561 2761 viginti
584 2688 713 2761 quinque
739 2699 837 2742 autem
861 2699 931 2761 post
954 2707 1049 2742 annos
1073 2689 1154 2755 (216)
1174 2687 1253 2743 idem

130 2799 222 2831 novus
236 2786 355 2830 nraritus
368 2781 444 2845 erit,
468 2798 554 2854 quem
570 2780 770 2836 Callimachus
783 2781 864 2835 dicit.
881 2811 917 2822 -
938 2799 967 2836 v.
987 2779 1031 2837 11.
1055 2801 1127 2832 πονο
1142 2791 1254 2834 arcetum

130 2876 287 2944 hymenaeo
304 2869 454 2945 significat
472 2871 624 2943 Cyrenas,
646 2892 720 2948 quas
739 2876 771 2928 in
787 2873 886 2928 dotem
907 2885 1065 2947 acceperat
1079 2874 1252 2948 Evergetes.

131 2983 161 3020 v.
184 2971 231 3020 22.
253 2963 355 3034 frater
376 2965 543 3038 appellatur
563 2965 727 3039 Evergetes
749 2966 909 3021 Berenices
929 2967 1095 3040 patruelis,
1118 2977 1151 3022 ut
1174 2967 1254 3022 Her-

130 3059 232 3113 mione
244 3077 291 3129 ap.
305 3056 393 3112 Ovid.
405 3057 529 3113 Heroid.
547 3067 581 3124 8,
598 3065 645 3116 27.
665 3057 699 3134 de
718 3057 842 3128 Orestes
863 3059 902 3110 Et
918 3065 944 3109 si
956 3079 1012 3111 non
1022 3079 1096 3111 esses
1109 3067 1156 3112 vir
1169 3061 1236 3112 mihi
1244 3100 1252 3126 ‚

123 3149 232 3220 frater
247 3167 320 3204 eras.
343 3151 382 3204 ita
398 3160 426 3204 et
441 3150 491 3205 alii
512 3170 539 3205 v.
554 3169 580 3206 c.
594 3149 718 3217 Florus,
738 3159 772 3217 5,
794 3159 846 3218 21,
868 3158 913 3209 27.
935 3153 1074 3226 Perizon.
1091 3153 1250 3208 Animadr.

74 3313 83 3323 η
131 3244 202 3298 hist.
228 3241 262 3296 C.
282 3249 309 3301 5.
324 3261 354 3315 p·
369 3248 415 3299 98.
437 3273 473 3286 -
492 3261 522 3298 v.
539 3247 586 3300 25.
606 3244 705 3294 bonnm
721 3243 844 3314 facinus
864 3255 908 3299 est
931 3245 1002 3300 illud
1023 3248 1120 3320 ipsum
1136 3247 1253 3304 Iustino

132 3339 187 3402 26,
207 3340 234 3392 5.
259 3347 475 3402 memoratum,
502 3355 555 3406 quo
573 3345 700 3407 stuprum
721 3343 838 3403 matris,
860 3340 943 3388 salua
959 3344 1084 3408 pietate,
1112 3340 1172 3390 ulta
1194 3347 1252 3404 cst,

131 3437 166 3482 ut
188 3429 294 3500 primi,
327 3430 439 3483 frustra
463 3427 642 3503 obloquente
664 3428 843 3484 Villoisonio
863 3430 977 3503 llllagas.
1006 3429 1173 3503 Encyclop.
1196 3428 1251 3483 IX.

132 3519 230 3575 annde
247 3527 274 3576 2.
297 3540 328 3593 p.
350 3521 428 3587 548,
452 3521 664 3576 intellexerunt
685 3521 795 3576 Echhel
815 3523 919 3577 Doctr.
943 3521 1031 3576 Num.
1049 3531 1081 3589 1,
1103 3527 1130 3579 1.
1150 3540 1181 3594 p.
1205 3525 1252 3578 15.

132 3624 164 3669 et
181 3613 373 3682 Viscontius,
395 3631 424 3668 v.
444 3612 605 3668 Foscolum
625 3633 655 3686 p.
674 3621 719 3674 28.
742 3625 770 3670 et
790 3614 927 3670 Visconti
947 3615 1087 3689 lconogr.
1107 3632 1152 3689 gr.
1169 3613 1206 3668 T.
1223 3619 1251 3673 5.

131 3725 164 3780 p.
181 3711 246 3763 221.
275 3705 404 3760 Leviora
426 3717 496 3760 sunt
513 3717 564 3762 aut
588 3706 682 3761 sutilia
703 3706 771 3774 illa,
794 3705 900 3782 quibus
920 3707 1174 3780 magnanimitatis
1188 3705 1254 3759 lau-

132 3799 200 3855 dem
215 3817 231 3852 a
245 3797 427 3854 Callimacho
447 3801 570 3871 reginae
591 3801 773 3872 impertitam
795 3799 946 3872 explicare
966 3811 1093 3855 conatur
1116 3798 1254 3873 Hyginus

130 3891 153 3947 l.
163 3891 193 3956 l.,
210 3889 365 3965 dequibus
380 3891 468 3946 adeas
479 3891 721 3948 Valckenarium.
734 3895 793 3966 Τὴν
804 3893 966 3970 Βερενίκης
978 3895 1096 3970 τόλμαν
1109 3903 1255 3948 memorat

132 3985 223 4040 etiam
236 3981 381 4055 Polybius
397 3984 431 4051 ll,
447 3989 494 4042 56.
517 4001 545 4038 v.
564 3989 612 4044 55.
635 3994 662 4038 is
681 3984 758 4036 haud
774 3991 805 4036 in
825 3994 946 4055 tempore
970 3986 1067 4053 longo.
1109 3981 1254 4040 Similiter

130 4075 221 4152 plane
232 4076 377 4148 Polyaen.
387 4082 421 4141 8,
435 4081 480 4133 50.
498 4077 560 4133 ἀπὸ
573 4079 628 4134 τοῦ
645 4083 765 4154 Ταύρου
777 4075 869 4154 μέχρι
882 4079 936 4147 τῆς
945 4072 1072 4147 Ἰνδικῆς
1085 4076 1253 4154 ἐκράτησε,

131 4181 163 4226 et
182 4169 383 4241 Hieronymus
404 4170 436 4224 in
456 4169 610 4226 Danielem
631 4168 666 4226 G.
686 4175 732 4227 11.
750 4169 877 4226 Tomi.
893 4187 924 4242 p.
942 4175 1026 4230 1125.
1043 4167 1157 4226 Bened.
1180 4168 1254 4220 Pto„
1282 4161 1296 4192 ³

130 4264 254 4314 lemarus
271 4261 429 4330 Euergetes
455 4267 526 4333 cepit
552 4293 582 4305 -
608 4264 723 4335 Syriam
748 4271 777 4314 et
800 4261 928 4316 Ciliciam
942 4268 1161 4332 ¹,rraeperioresque
1179 4277 1254 4330 par,
