2964 4814
231 239 291 300 180

231 400 290 472 Et,
315 390 439 477 siquid
462 385 619 452 doliturus
642 381 724 461 eris,
747 380 813 444 sine
837 379 971 442 testibus
993 376 1076 452 iliis;

294 495 402 576 Quom
425 489 569 562 venient,
593 484 686 549 sireis
709 481 914 546 oseula⁴salie
937 481 1042 565 genis.

232 603 288 664 Sat
310 595 369 661 tibi
391 594 454 660 sint
476 601 606 663 noctes,
631 609 708 672 qiias
732 587 860 660 deme,
886 583 1019 657 Paullo,
1043 582 1179 665 fatiges,
1246 611 1255 622 ·

292 697 486 780 Somniaque
509 693 540 756 in
562 689 674 753 faeiem
698 685 818 750 eredita
841 705 937 766 saepe
960 705 1075 747 meam.

229 805 358 883 Atque,
383 795 437 860 ubi
459 804 585 857 secreto
607 800 718 854 nostra
743 790 782 850 ad
804 787 970 848 simulacra
992 785 1152 868 loqueris,
1175 818 1178 828 =

292 903 337 967 Ut
358 913 573 979 responsurae
595 891 720 975 singula
742 891 841 952 rerba
864 889 943 954 iaec..

229 1007 293 1068 Seu
316 1000 611 1064 ternenedversum
636 990 763 1056 mutarit
784 991 877 1052 ianua
900 990 1036 1061 lectum.

292 1100 419 1167 Sederit
440 1111 471 1164 et
494 1109 607 1162 nostro
630 1106 721 1158 cattia
743 1112 886 1156 noverea
909 1104 1004 1165 toro,

228 1203 443 1288 Coniugium,
470 1197 584 1282 pueri,
608 1199 732 1260 lattdate
755 1205 786 1256 et
808 1192 892 1256 ferte
915 1205 1083 1276 paternum
1103 1213 1111 1262 ;

292 1304 397 1387 Capta
420 1301 507 1385 dabit
530 1298 647 1364 vestris
671 1296 813 1359 moribus
836 1295 889 1357 illa
912 1315 1032 1358 inaniis.

229 1411 298 1470 Nee
320 1417 451 1468 matrem
474 1403 599 1464 laudate
622 1398 733 1462 nimis:
758 1397 873 1460 coitate
896 1396 998 1477 priori

291 1513 404 1574 Veniet
424 1505 457 1568 iu
479 1505 617 1568 offensas
639 1501 739 1563 libera
764 1500 863 1562 verba
885 1519 972 1561 suas.

143 1661 153 1678 .
228 1614 291 1672 Seu
315 1628 436 1672 memor
455 1605 510 1669 ille
534 1625 602 1666 mea
625 1611 793 1666 contentus
818 1601 966 1662 manserit
988 1602 1101 1662 umbra

291 1712 336 1773 Et
357 1708 436 1771 tenti
458 1707 580 1769 eineres
603 1703 730 1766 diruerit
753 1722 822 1764 esse
846 1723 949 1777 meos,

227 1810 350 1876 Discite
373 1821 546 1874 venturam·
562 1805 624 1868 iam
647 1825 732 1868 nrtne
752 1806 869 1866 sentire
892 1815 1072 1880 senectam,

291 1911 438 1977 Coeiibis
461 1913 499 1972 ad
521 1930 615 1971 ouras
638 1929 697 1969 nee
720 1918 813 1968 vacet
835 1906 987 1968 ulteria.

228 2015 324 2096 Quod
347 2012 421 2076 mihi
443 2014 619 2074 detractum
642 2021 709 2083 est,
735 2019 861 2070 vestros
884 2011 1015 2070 aeeodat
1037 2011 1076 2070 ad
1099 2027 1219 2070 annosa
1304 2009 1345 2070 95

289 2116 391 2180 Prole
414 2135 482 2176 mea
504 2113 650 2176 Paullum
673 2110 721 2172 sie
742 2110 829 2171 iuvet
852 2130 921 2172 esse
943 2131 1064 2172 senem.

229 2219 275 2280 Et
296 2219 377 2280 bene
397 2216 511 2277 hebet:
536 2233 697 2295 nunquam
719 2222 820 2272 mater
844 2211 994 2293 lugubria
1017 2211 1152 2291 surnpei3

290 2316 389 2380 Venit
411 2317 441 2378 iu
465 2313 633 2398 exsequias
657 2324 723 2376 tota
746 2323 875 2374 caterva
899 2334 998 2374 meas.

228 2418 334 2483 Causa
356 2428 506 2499 perorata
529 2427 590 2478 est.
636 2415 767 2477 Flentes
791 2434 838 2475 me
861 2415 1008 2499 surgite,
1034 2427 1154 2490 testes,

288 2519 374 2582 Dum
397 2517 535 2600 pretium
559 2517 642 2578 vitae
666 2528 759 2600 grata
781 2515 925 2596 rependit
947 2518 1071 2580 humus.
1288 2519 1349 2580 100

226 2623 381 2686 Moribus
406 2632 436 2683 et
460 2620 581 2682 eaelum
605 2617 727 2699 patuit:
753 2617 811 2678 sim
834 2617 929 2701 digna
953 2610 1123 2692 merendo,

290 2722 391 2787 Cuius
413 2719 581 2790 honoratis
605 2739 679 2782 ossa
706 2721 864 2798 vehantur
887 2719 966 2782 avis.

297 2911 338 2958 19.
358 2913 430 2957 Recte
448 2914 483 2955 sie
499 2912 607 2956 distinxit
624 2909 671 2954 1⁴2.
695 2912 732 2964 „si
751 2913 790 2968 qui
812 2911 938 2955 dolendum
960 2911 1048 2963 habes,
1070 2911 1124 2954 dote
1144 2911 1166 2954 id
1183 2913 1244 2954 c'ani
1266 2913 1351 2957 iilos?

227 2983 307 3039 Volgo
334 2982 451 3038 iungunt:
483 2981 508 3024 ei
541 2979 601 3038 quid
629 2979 755 3024 doliturus
782 2980 835 3024 eris
867 2981 923 3024 eine
953 2979 1058 3024 testibus
1084 2980 1156 3040 iliis,
1194 2993 1269 3038 quom
1299 2988 1348 3026 eet.

227 3049 268 3096 82.
290 3048 388 3093 redditu
409 3048 497 3093 Graes.
523 3052 587 3092 eoui.
652 3047 694 3097 85.
714 3052 799 3107 „Quae
819 3048 992 3094 conveniebant
1011 3050 1035 3092 in
1057 3062 1152 3092 menum
1171 3049 1232 3102 riri,
1260 3052 1349 3094 teetnnr

225 3119 364 3178 (genialem
392 3117 477 3162 iterat.
502 3117 549 3172 Ep.
571 3118 594 3171 1,
625 3116 649 3172 1,
674 3115 730 3173 87.)
762 3119 808 3162 sibi
826 3118 966 3162 sternebant
986 3118 1010 3161 in
1029 3119 1101 3171 atrio,
1130 3131 1201 3174 quem
1219 3121 1350 3164 adversum

225 3187 360 3240 veeebent,
389 3188 444 3243 quie
466 3201 478 3231 e
499 3188 598 3246 regione
619 3187 703 3231 ianuae
725 3193 797 3234 esset.
842 3188 915 3230 lanua
933 3188 1020 3231 dieitur
1042 3192 1135 3230 enotare
1156 3188 1266 3240 tectum,
1286 3203 1349 3246 quae

226 3258 291 3302 videt
310 3257 384 3300 atium
409 3257 536 3299 adversum
558 3258 644 3300 tectum
660 3257 684 3299 in
702 3259 782 3300 ioenm
800 3257 909 3311 prioris,
938 3269 998 3299 nove
1021 3257 1076 3300 scii.
1098 3267 1173 3298 uxore
1193 3257 1290 3300 donnum
1306 3259 1349 3301 dn-

227 3325 291 3370 ete.''
310 3326 398 3384 scalig.
419 3324 464 3369 cir.
484 3326 574 3369 Aseou.
588 3327 617 3368 ad
635 3325 761 3368 lidiiouian.
783 3325 812 3370 C.
834 3323 857 3369 5.
878 3325 1009 3368 Laberium
1027 3339 1065 3379 ap.
1087 3324 1153 3368 Geil.
1176 3321 1223 3378 16,
1246 3323 1270 3370 9.
1290 3323 1349 3370 Mn·

226 3383 265 3440 ier
275 3394 398 3454 jemiiins
417 3400 459 3437 tue
478 3393 504 3438 in
523 3395 587 3437 ieeto
605 3392 709 3439 adverso
728 3393 810 3448 sedet,
832 3399 856 3438 et
874 3394 984 3452 Btittiger
1002 3394 1102 3437 Aidobr.
1116 3393 1231 3438 Hoehzeit
1248 3408 1270 3448 p.
1287 3391 1347 3439 125.

228 3459 270 3510 9³.
289 3464 370 3508 lenire
388 3464 467 3507 Anno.
487 3484 516 3495 -
536 3463 637 3519 saepire
655 3463 737 3506 Heius.
760 3486 791 3497 -
811 3464 919 3515 „sentire
936 3477 1006 3507 nemo
1024 3462 1184 3517 probabiliter
1196 3464 1350 3517 explicarit.¹¹

226 3533 325 3578 bachin.
345 3533 458 3578 Tenterit
469 3537 546 3576 tamen
565 3531 689 3585 Writenb.
710 3532 773 3576 Bibi.
793 3537 848 3576 crit.
870 3528 895 3585 3,
916 3529 941 3585 1,
961 3545 985 3586 p.
1006 3529 1049 3575 53.
1087 3531 1180 3584 „Plane
1197 3531 1268 3576 nobis
1290 3546 1348 3587 pre·

227 3603 295 3646 betur
313 3603 372 3646 itind
396 3601 508 3654 sentire,
540 3602 602 3657 qnod
627 3616 640 3644 e
667 3599 767 3644 Graecis
794 3601 935 3658 exquisitius
951 3601 1051 3644 subinde
1073 3601 1174 3652 dicitnr,
1204 3596 1349 3649 αἰσθάνε-

227 3668 299 3719 σθαί
316 3682 410 3730 τινος,
438 3667 501 3712 effici
523 3670 624 3712 alieuius
651 3670 686 3712 rei
704 3671 742 3712 vei
766 3675 835 3728 greio
861 3671 899 3714 rel
918 3671 1012 3728 ingrato
1030 3682 1119 3722 sensu,
1146 3681 1218 3721 eura,
1247 3671 1347 3723 studio,

228 3742 257 3784 ed
277 3753 329 3783 eam
355 3741 391 3783 vel
422 3739 599 3793 adipiscendam
623 3738 660 3781 vei
687 3737 850 3795 fugiendam.”
917 3735 975 3784 100.
1006 3736 1105 3797 gmude
1129 3736 1245 3792 rependit
1268 3735 1348 3782 bonos

227 3809 357 3864 Knppiers.
396 3803 454 3851 102.
473 3807 528 3850 orie
547 3809 610 3850 eoni.
630 3807 712 3851 iieins.
729 3809 836 3851 Brouiih.
856 3806 955 3852 Laebm.
978 3831 1009 3840 -
1027 3807 1126 3862 Epieed.
1145 3805 1219 3850 Drusi
1239 3819 1264 3851 v.
1286 3804 1346 3851 162.

225 3875 326 3930 Druse,
357 3889 435 3934 neque
453 3874 488 3918 ed
504 3881 599 3919 veteres
616 3875 731 3921 conditus
749 3877 800 3921 ibis
818 3889 885 3920 neos.
909 3897 937 3908 —
958 3877 1030 3934 equis
1051 3876 1112 3919 Cdd.
1138 3875 1197 3932 aiiq.
1217 3897 1251 3908 —
1276 3875 1348 3934 spuis

227 3943 315 3998 (ἔνου,
336 3945 398 4001 quod
415 3945 524 3989 restitnit
543 3944 629 3990 iacob:
661 3947 843 3999 „Verisimitine
862 3945 1001 4000 epotbeosis
1017 3945 1084 4003 eqnis
1103 3943 1231 3987 honoretis
1257 3944 1347 3989 descri-

227 4012 315 4066 batur,
347 4027 393 4056 non
414 4015 527 4057 adventus
546 4015 570 4057 in
588 4013 690 4067 Elysio,
723 4028 770 4071 qno
790 4027 874 4059 versus
896 4015 1019 4069 proximus
1038 4027 1083 4058 nos
1098 4016 1169 4055 voret
1188 4010 1306 4057 Moribus
1325 4017 1350 4056 et

226 4082 324 4126 eaelum
339 4082 440 4138 putuit:
460 4083 510 4125 eun
531 4081 612 4141 dignes
634 4083 766 4138 iaciendo,
787 4097 809 4127 e.
847 4085 886 4127 Sic
908 4084 1015 4138 luppiter
1034 4081 1163 4126 Herculem
1185 4078 1346 4141 Quadriiego

226 4163 306 4194 curru
320 4148 480 4194 radiantibus
502 4151 588 4195 intulit
604 4153 684 4196 ostris
704 4151 775 4196 Ouid.
798 4153 859 4196 Met.
881 4151 905 4206 9,
926 4149 1003 4197 tw
1039 4153 1085 4195 Sed
1104 4163 1148 4192 nee
1170 4151 1197 4194 de
1220 4150 1346 4204 apotheosi

227 4233 271 4265 nse
286 4220 314 4264 de
331 4219 431 4262 adventu
453 4220 476 4262 in
494 4219 591 4273 Elysios
609 4233 706 4275 campos
729 4235 808 4282 sermo
830 4226 881 4278 eet;
907 4235 991 4265 verum
1009 4222 1037 4264 de
1056 4218 1185 4264 condendis
1204 4218 1305 4263 ossibus
1320 4221 1346 4262 io

227 4289 400 4332 honoratorum
418 4288 537 4330 maiorum
554 4293 717 4332 monumento.
