2964 4814
189 186 192 192 ’
216 224 276 286 ilo

218 381 281 442 Sed
298 386 365 437 tum
385 381 502 435 maesto
525 367 629 432 virum
652 364 778 428 mittens
807 382 888 448 quae
919 363 1020 424 verba
1039 360 1148 426 locuta
1164 363 1212 422 es!

280 474 446 557 Iuppiter,
471 483 504 533 ut
522 468 608 532 tristi
630 466 748 530 lumina
768 485 862 545 saepe
883 467 994 527 mauu!
1180 512 1185 521 .
1294 459 1339 519 30

219 577 299 660 Quis
317 588 348 638 te
370 570 506 637 mutavit
523 581 627 640 tantus
650 567 746 631 deus?
770 587 808 627 an
831 566 920 648 quod
942 575 1081 626 amantes

282 680 359 742 Non
380 675 520 756 longe'a
543 691 620 734 caro
644 688 786 748 corpore
805 668 914 728 abesse
934 665 1068 728 volunt?

219 782 328 864 Atque
350 775 396 838 ibi
420 797 468 836 me
490 772 611 835 eunctis
631 791 693 851 pro
716 767 802 830 dulci
824 767 962 848 coniuge
986 765 1069 828 divis

282 882 359 942 Nou
378 876 444 938 siue
465 871 593 936 taurino
615 869 768 953 sauguine
787 867 933 948 pollicita
956 889 1007 942 es,

222 981 258 1043 si
280 978 416 1042 reditum
438 974 605 1038 tetulisset.
651 973 683 1034 is
705 973 789 1032 haud
809 968 842 1030 iu
865 979 1010 1050 tempore
1031 967 1132 1052 longo
1297 969 1340 1030 35

285 1080 421 1160 captam
444 1075 554 1139 Asiam
579 1070 723 1154 Aegypti
745 1070 860 1132 finibus
884 1067 1060 1132 addiderat.

223 1183 304 1262 Quis
323 1201 386 1262 ego
408 1199 470 1258 pro
489 1165 582 1238 sactis
601 1171 728 1236 caelesti
747 1170 870 1234 reddita
894 1181 989 1234 coetu

286 1279 428 1345 Pristina
453 1288 527 1340 vota
550 1295 638 1338 novo
662 1294 792 1336 inuuere
814 1271 970 1334 dissolno.

224 1382 346 1456 invita,
371 1403 390 1443 o
414 1378 546 1461 regina,
570 1388 625 1439 tuo
646 1378 684 1437 de
707 1372 828 1436 vertice
850 1372 947 1447 cossi,

287 1481 408 1556 iuvita,
433 1479 545 1542 adiuro
568 1489 661 1560 teque
684 1487 834 1558 tuumque
856 1478 967 1556 caput!
1299 1481 1352 1568 to¹

278 1709 319 1756 30.
339 1708 423 1752 tertuli
439 1707 515 1750 Codd.
535 1727 566 1738 —
586 1705 658 1748 tenu
673 1703 716 1748 Ar.
736 1703 806 1747 Aldd.
845 1699 887 1748 33.
905 1701 983 1762 Atque
996 1701 1031 1746 itt
1045 1716 1084 1746 me
1099 1704 1197 1748 eunctis
1214 1705 1340 1764 Colelius,

223 1781 354 1834 Perreius;
372 1779 424 1820 Sill.
439 1776 538 1817 Lacum.
552 1775 594 1817 un.
615 1775 666 1817 Cir.
687 1775 709 1816 in
727 1774 811 1827 prunis
827 1773 961 1830 Silligiuni,
979 1774 1018 1828 qui
1036 1774 1161 1827 pristinum
1176 1787 1255 1817 melun
1271 1788 1342 1817 erro·

224 1853 352 1893 remrecte
370 1847 484 1888 correxit.
506 1844 562 1886 Scit.
581 1843 740 1885 Callimachus
757 1843 822 1895 ipse:
853 1837 906 1888 τὸν
923 1840 1080 1912 Βερὲνίκης
1096 1837 1284 1909 Βόστρυχον,
1303 1836 1342 1889 ὅν

224 1917 306 1978 κείνη
331 1911 421 1962 πᾶσιν
447 1905 537 1973 ditum
560 1909 654 1970 Θεοῖς.
681 1915 705 1954 et
727 1912 832 1968 Hyginus
856 1912 952 1954 Astron.
974 1910 1003 1963 2,
1026 1908 1068 1956 21.
1090 1915 1189 1954 testatur
1207 1913 1341 1954 Berenicen

225 1988 304 2029 crines
316 1985 368 2027 Diis
385 1984 516 2026 devovisse.
538 2005 570 2012 -
589 1980 665 2037 Alpae
684 1981 719 2021 ita
737 1993 775 2020 me
796 1993 818 2023 c.
840 1981 899 2022 Col.
914 1981 982 2022 Bodl.
996 1978 1163 2032 pronvatcl'.
1184 2003 1216 2012 —-
1234 1979 1342 2038 Atquae

226 2055 275 2106 luc,
287 2067 335 2109 pro
354 2051 401 2107 (vel
414 2049 489 2106 prod)
506 2049 602 2091 cunctis
621 2050 722 2091 Fuscus.
743 2050 805 2092 Scat.
829 2069 857 2079 -
877 2047 954 2105 Atque
973 2047 1008 2090 ihi
1023 2061 1071 2103 pru
1089 2049 1185 2090 cunctis
1204 2049 1265 2093 Cdd.
1282 2052 1342 2106 aliq.

225 2123 271 2167 Ed.
286 2135 323 2176 pn.
368 2116 408 2164 35.
429 2119 552 2162 tetuliseot
570 2117 698 2172 (audisset
719 2119 793 2159 Codd.
812 2117 909 2172 aliquot.
930 2118 973 2159 Ed.
992 2115 1042 2170 pr.)
1061 2117 1084 2159 is
1100 2123 1143 2159 ant
1158 2117 1233 2160 Codd.
1255 2118 1340 2164 Annon.

225 2192 285 2235 Edd.
298 2193 353 2233 velt.
374 2213 406 2222 —
425 2188 598 2240 letaliuselr's,
613 2185 681 2228 dated
696 2186 738 2229 Αν.
753 2187 822 2228 nlla.
844 2185 1023 2228 ltnadcle'derat
1038 2186 1113 2229 Codd.
1128 2187 1242 2229 Ainbros.
1257 2184 1337 2231 fnssd.

227 2275 264 2315 pr.
277 2259 403 2303 -valcln
422 2257 546 2299 Dnoieuine
563 2258 625 2302 coni.
642 2255 747 2307 recepit:
768 2255 796 2297 Si
809 2254 1052 2297 redrlumlelulisset
1069 2256 1107 2308 is,
1128 2261 1170 2297 aut
1187 2255 1215 2297 rii
1232 2260 1342 2311 ternpore

227 2354 236 2364 ·
257 2353 266 2362 -
285 2325 420 2372 addiderit.
439 2323 576 2379 (addiderit
591 2324 651 2367 Edd.
673 2322 756 2373 vett),
785 2323 827 2366 sed
848 2325 937 2364 omisso
960 2324 1122 2380 ingratissimo
1141 2328 1274 2378 temporum
1294 2326 1343 2368 dis·

227 2409 314 2448 sensu,
344 2409 413 2452 quein
433 2395 577 2436 deviiniunus
597 2391 680 2434 vilet.
699 2391 807 2443 probavit
823 2391 893 2432 eliam
912 2391 1012 2435 Guarini
1032 2392 1167 2445 adiiceret,
1191 2394 1342 2446 (proponens

227 2469 341 2519 insuper:
362 2466 400 2516 is,
420 2460 526 2518 lantque
544 2462 570 2503 in
590 2485 599 2494 ·
618 2484 627 2494 -
647 2457 786 2512 addiderit,
809 2460 917 2514 languide
936 2462 1024 2516 salis;l
1044 2464 1161 2505 neminem
1180 2461 1263 2518 lugere
1276 2461 1340 2504 arbi·

226 2540 293 2582 tror‚
323 2537 410 2588 quanto
434 2532 509 2587 inagis
535 2531 616 2572 deceat
639 2529 748 2583 reginum
767 2541 810 2581 pro
834 2531 886 2570 solo
906 2530 1045 2572 nitidissimi
1065 2522 1173 2586 coniugis
1191 2533 1268 2573 reditu
1287 2535 1343 2572 vols

227 2603 370 2656 concipere;
396 2605 529 2656 quantoque
548 2598 679 2639 iuratoribus
697 2609 751 2638 cum
770 2597 848 2639 nervis
867 2610 982 2650 prospere
1001 2599 1102 2641 cessisse
1122 2599 1253 2642 Ptolemaei
1272 2611 1343 2652 expe-

228 2674 341 2715 ditionem
360 2671 466 2712 decloret
483 2666 565 2708 Vossii
584 2666 717 2717 distinctio,
744 2679 813 2721 quoni
831 2679 883 2707 cuni
902 2667 973 2709 Fore.
995 2669 1160 2720 praetulimus.
1181 2669 1271 2724 (sicque
1287 2672 1342 2721 post

227 2755 266 2784 me
286 2741 357 2783 eliam
373 2739 425 2780 stu,
443 2733 553 2788 Laohuo.)
609 2733 650 2778 38.
670 2733 777 2778 dissolui
790 2735 875 2778 t'nlcli.
931 2731 972 2779 40.
993 2731 1050 2797 σήν
1073 2749 1104 2782 τε
1122 2731 1217 2802 'resipui‘
1236 2729 1344 2798 ὤμοσα

228 2803 284 2856 σόν
304 2819 334 2854 τε
350 2803 428 2864 βίον.
448 2805 543 2846 Gallim.
582 2800 623 2846 sti.
643 2803 730 2862 Digna
742 2801 844 2860 seram,
865 2803 930 2861 quod
946 2804 971 2847 ei
989 2803 1050 2861 quid
1066 2805 1178 2847 inaniter
1196 2805 1343 2847 adiitrarim

230 2877 305 2920 Guar.
356 2871 397 2918 sr‘d.
416 2873 472 2929 quis
492 2885 544 2914 enin
562 2873 615 2914 otiis
635 2874 687 2915 Sill.
709 2875 786 2927 Vulgo
802 2872 853 2928 qui.
900 2870 941 2916 43.
962 2875 1077 2915 maxima
1097 2874 1172 2916 Codd.
1188 2887 1280 2916 ornnes.
1296 2873 1342 2916 Ed.

227 2959 266 2998 pr.
278 2943 346 2985 ulad.
359 2942 456 2983 Lachiu.
476 2963 508 2972 —
528 2940 668 2996 maximam
679 2941 754 2984 Gunu.
767 2943 830 2982 Scal.
887 2942 921 2987 lb.
941 2941 968 2984 in
986 2943 1039 2984 orie
1058 2944 1130 2995 Vulp.
1148 2944 1191 2994 „in
1208 2941 1345 2989 litoribus.”

229 3013 275 3055 Sed
292 3012 370 3054 miuus
391 3009 460 3050 solite
478 3010 564 3051 dictum
581 3023 633 3051 esse
652 3011 744 3053 videtui·
759 3023 803 3063 pro
819 3009 845 3052 in
860 3015 986 3052 terrarum
1004 3011 1067 3052 oris.
1087 3011 1184 3054 Lucret.
1200 3007 1229 3063 4,
1245 3009 1306 3054 216.
1321 3015 1345 3053 et

228 3081 305 3136 magis
326 3077 432 3130 opposite
448 3079 519 3133 virg.
544 3077 603 3120 den.
625 3074 653 3129 3,
676 3076 737 3123 9l.:
774 3076 822 3120 Hic
840 3077 928 3121 domus
945 3078 1042 3121 Aeneae
1060 3083 1156 3122 eunctis
1175 3079 1344 3122 dominabitur

230 3151 293 3191 oris.
316 3148 376 3202 quod
397 3157 442 3188 non
462 3159 592 3202 agnoscens
608 3146 691 3190 Volci.
707 3149 798 3200 recepit
815 3148 921 3190 italicam
938 3148 1144 3200 interpolationem
1159 3148 1218 3191 Cod.
1234 3149 1342 3191 saltant.

231 3218 374 3270 eundemque
391 3217 473 3256 tunuli
492 3216 554 3256 coni.
572 3215 598 3257 in
613 3215 681 3258 orbe.
713 3218 794 3259 Altero
814 3216 926 3269 interpol.
941 3217 964 3258 iu
978 3217 1037 3260 Edd.
1058 3222 1114 3259 vett.
1132 3223 1269 3270 comparet:
1290 3229 1343 3259 ma-

230 3286 303 3328 xima
319 3289 388 3325 natu.
427 3280 468 3327 ll.
489 3281 610 3339 Phyliue,
631 3282 760 3337 Pditlniae,
780 3282 883 3327 Platiae
897 3285 972 3328 Codd.
986 3286 1111 3331 Eddvett.
1126 3309 1158 3320 --
1179 3284 1343 3328 TitiasVoss.

230 3355 308 3396 Ilenil.
333 3347 387 3403 Sol,
403 3351 477 3394 Thiae
491 3357 514 3395 et
527 3353 670 3406 Hyperionis
683 3352 755 3397 filius.
767 3353 866 3396 Hesiod.
878 3353 1002 3409 Theogon.
1017 3352 1075 3397 371,
1093 3355 1164 3398 Pind.
1177 3355 1258 3398 isthm.
1272 3351 1301 3405 5,
1319 3352 1342 3398 1.

229 3417 330 3488 Μᾶτερ
345 3413 436 3467 Ἁλίου
456 3417 628 3483 πολυώνυμε
646 3419 726 3468 Θεία.
782 3417 823 3467 105.
851 3433 957 3476 propere
978 3423 1027 3476 (sie
1043 3423 1167 3476 Licinn),
1192 3424 1343 3480 propriore,

226 3503 367 3546 properare
386 3487 437 3545 (sic
454 3489 514 3532 Cod.
533 3491 645 3533 Anibi-os.
665 3492 692 3533 Y.
709 3487 810 3544 Fuso),
827 3501 979 3546 perrupere,
996 3504 1138 3547 prorupere
1153 3493 1228 3534 Codd.
1245 3498 1268 3534 et
1281 3491 1343 3534 Edd·

230 3565 288 3603 vett.
309 3580 344 3592 -
361 3572 451 3614 rupere
467 3558 542 3601 Guar.
561 3559 642 3601 Heius.
664 3581 696 3591 -
715 3559 831 3612 irrupere
849 3560 893 3603 Αν.
910 3561 977 3602 Aldd.
1006 3580 1034 3591 —
1062 3563 1181 3616 pepulere
1197 3563 1257 3604 suu.
1275 3562 1343 3603 Sunt.

231 3651 264 3662 ·-
279 3616 400 3686 peperere
413 3629 485 3670 Voss.
497 3628 570 3673 Dneu.
581 3628 664 3669 anck.
678 3627 756 3668 omnia
769 3627 804 3668 vel
819 3634 944 3684 corrupto,
957 3629 992 3670 vel
1004 3629 1109 3685 incentu
1128 3643 1266 3686 properare
1279 3633 1344 3674 certe

231 3710 284 3740 cum
304 3696 414 3738 Dacierin
436 3709 479 3749 pro
494 3707 661 3751 properavero
681 3694 794 3747 explicari
816 3697 907 3750 nequit.
936 3695 1023 3739 Nescio
1045 3699 1081 3740 eui
1101 3699 1124 3740 in
1144 3704 1247 3742 trientem
1263 3697 1344 3742 venit:

228 3778 367 3822 proruere,
389 3767 465 3818 priuis
478 3767 602 3814 correpto,
624 3768 649 3804 ut
665 3759 711 3814 64,
729 3759 788 3806 2⁶1.
809 3763 898 3806 audire
915 3761 1128 3821 profaniLucret.
1146 3765 1174 3820 6,
1194 3764 1252 3810 ill.
1272 3772 1346 3824 atque

227 3834 356 3890 procellae
372 3838 434 3885 cet,
455 3834 496 3876 sed
515 3832 559 3873 hoc
579 3843 671 3885 quoque
695 3844 777 3884 porum
797 3833 882 3886 placet.
912 3834 980 3876 Alius
1002 3836 1161 3892 excogitavit:
1191 3848 1299 3891 rapuere
1315 3847 1345 3879 ex

230 3901 407 3954 Pens.Sat.5,
433 3897 508 3943 ltu:
545 3897 672 3956 Aegaeum
686 3901 783 3956 rapias.
803 3924 834 3934 -
849 3903 983 3958 propulere
996 3903 1056 3946 erit.
1079 3889 1346 3950 lenens.tolldtoi‘ro·

230 3975 293 4024 pert.
310 3967 338 4023 3,
357 3966 401 4022 21,
425 3968 465 4011 11.
490 3971 562 4024 lupus
585 3972 626 4010 luo
645 3965 751 4012 Golclnon
765 3971 895 4026 propellas
913 3971 1010 4030 remige
1022 3969 1126 4018 Phasin.
1183 3969 1223 4017 dl.
1240 3969 1346 4030 sociere!

231 4039 291 4083 cod.
306 4039 376 4081 Bodl.
392 4037 462 4090 prob.
484 4036 551 4079 Sent.
568 4037 646 4080 reiicit
658 4039 743 4082 valet.
776 4036 817 4082 48.
838 4041 952 4093 coliium,
972 4040 1103 4093 caelitum,
1124 4040 1264 4094 coelorum,
1285 4041 1345 4083 teto-

231 4121 302 4159 rum,
322 4105 444 4150 ecelerum
455 4105 503 4158 (ita
515 4105 627 4149 Atnbros.
641 4104 676 4160 l.)
692 4108 767 4150 Codd.
788 4108 833 4152 Sed
844 4121 915 4164 quum
928 4109 1008 4152 Schol.
1023 4111 1051 4151 od
1065 4109 1144 4163 Apoll.
1158 4107 1269 4162 Rhode,
1284 4105 1343 4154 375.

230 4176 312 4222 Paris.
330 4178 354 4217 et
368 4173 440 4230 Vulg.
457 4173 514 4217 haec
530 4174 645 4219 habeant:
665 4171 800 4235 Χάλυβες
817 4169 922 4236 (ἔθνος
933 4171 1093 4233 Σκυθικόν,
1112 4174 1188 4239 μετὰ
1205 4172 1258 4226 τὸν
1271 4174 1346 4245 Θερ-

230 4238 392 4309 μώδοντα)
410 4237 442 4288 οἱ
458 4237 680 4312 σμυγερώτατοι
697 4243 748 4292 καὶ
766 4241 991 4295 ἑπιπονέστατοι
1002 4242 1062 4296 τῶν
1073 4240 1251 4314 ἀνθρώπων,
1269 4239 1344 4294 ἀτει-
