2964 4814
410 557 589 620 uenum
613 557 678 623 an
701 548 987 627 uonaanum.

134 692 214 756 Etsi
236 709 285 755 me
309 692 436 757 assiduo
459 693 641 758 confectum
665 718 742 760 eura
766 697 880 762 dolore

206 797 345 858 Sevocat
368 815 385 856 a
406 795 530 870 doctis,
553 797 708 872 Hortale‚
733 798 932 882 virginibus,

137 897 212 956 Nee
230 895 316 976 potis
337 906 384 957 est
404 895 505 958 dulcis
527 898 695 960 Musarum
718 920 910 981 expromere
929 901 1012 966 setus

205 997 300 1058 Mens
319 995 433 1058 animis
458 997 566 1076 (tantis
587 999 719 1060 fluctuat
741 999 810 1080 ipsa
830 1001 939 1076 malis3

140 1099 289 1179 Namque
311 1096 372 1159 mei
394 1119 496 1179 nuper
509 1099 664 1162 Lethaeo
687 1101 816 1184 gurgite
834 1101 945 1167 fratris

206 1197 398 1260 Pallidulum
417 1221 545 1262 manans
568 1200 658 1262 alluit
678 1205 917 1284 unda1pedem3

140 1301 247 1362 Troia
269 1301 418 1363 Rhoeteo
439 1321 531 1383 quem
557 1305 666 1364 subter
688 1303 785 1372 litore
808 1305 919 1382 tellus,

205 1403 361 1482 Ereptum
385 1404 504 1464 nostris
527 1403 648 1465 obterit
672 1425 712 1466 ex
732 1404 847 1470 oculis.

139 1507 199 1566 Tu
219 1523 297 1564 mea
321 1513 359 1563 tu
386 1503 535 1566 moriens
545 1490 704 1592 fregisti
724 1509 905 1571 commoda
910 1508 1059 1599 frater,

206 1607 334 1666 Tecum
355 1625 427 1697 unq
447 1616 522 1667 tota
543 1617 595 1668 est
618 1619 740 1670 nostru
762 1613 897 1691 sepulta
916 1613 1056 1693 tlomus3
1221 1616 1262 1675 to

137 1705 268 1768 Oinnia
290 1717 400 1766 tecum
418 1726 489 1767 una
503 1707 684 1787 perierunt
705 1711 838 1790 guardia
860 1725 999 1788 nostra,

204 1810 301 1888 Quae
323 1818 404 1868 tuus
425 1807 460 1868 in
483 1807 555 1868 uita
576 1808 685 1873 duleis
705 1811 817 1875 alebat
837 1835 950 1877 amor.

137 1909 207 1972 Hei
230 1906 491 1997 miserofeutri
512 1909 700 1974 iucundum
722 1915 836 1975 lumen
858 1916 1074 1999 ademptum!

204 2012 393 2092 Nunquam
415 2021 481 2092 ego
500 2021 551 2085 te,
576 2011 703 2074 misero
713 2011 845 2102 frater
866 2017 1023 2099 adempte
1046 2018 1130 2083 mihi

138 2111 319 2193 Alloquar‚
344 2109 474 2173 audiero
497 2132 655 2196 nunquam
677 2123 731 2174 tua
737 2113 852 2202 faeta
869 2115 1081 2202 loquentem?
1219 2121 1258 2182 15

205 2213 374 2294 Nunquam
398 2229 461 2294 ego
484 2223 533 2285 te,
557 2211 623 2274 vita
645 2213 747 2276 frater
769 2216 955 2294 amabilior,

139 2310 307 2393 Aspiciam
329 2312 479 2392 posthae.
525 2313 571 2374 At
593 2324 679 2376 certe
702 2333 829 2397 semper
852 2321 985 2394 amabo,
1044 2348 1048 2360 ¹

204 2413 337 2492 Semper
362 2407 478 2475 maesta
501 2424 554 2475 tua
577 2412 717 2488 earmina
741 2428 844 2480 morte
867 2441 994 2495 canam,

139 2513 256 2594 Qualia
275 2515 333 2574 sub
357 2514 460 2576 densis
483 2535 644 2578 ramorum
667 2514 811 2578 conciuit
832 2519 954 2582 umbris

166 2649 169 2652 ·
202 2613 334 2678 Daulias
357 2614 515 2697 absumpti
536 2617 601 2678 fata
624 2637 752 2700 gemens
772 2617 883 2698 Ityli:)

138 2719 205 2778 Sed
225 2715 381 2778 tamenin
402 2707 498 2778 tantis
522 2717 739 2793 maeroribus,
762 2719 917 2794 Hortale,
940 2719 1032 2784 mitto

203 2820 296 2879 Haec
319 2838 470 2899 expressa
487 2815 552 2879 ¹tibi
576 2817 715 2880 earmina
735 2817 917 2882 Battiadae:

138 2920 189 2982 Ne
212 2930 265 2980 tua
290 2917 373 2981 dicta
396 2917 487 3003 vagis
510 2919 724 3004 nequidquam
747 2921 869 2983 eredita
891 2920 994 2982 ventis

202 3020 374 3083 Effluxisse
395 3042 466 3084 meo
489 3020 577 3085 forte
599 3032 691 3102 putes
709 3021 833 3096 animo,

499 3211 620 3256 ELEGIA
638 3211 680 3256 An
700 3212 889 3260 Romnum.

192 3297 216 3342 2.
237 3298 401 3342 Probabiliter
416 3299 558 3356 intelligitur
569 3300 599 3356 Q.
611 3299 754 3344 Hortensius
766 3305 864 3354 orator,
884 3313 954 3357 quem
964 3299 1016 3345 Cie.
1026 3299 1073 3344 Ait.
1086 3299 1110 3356 2,
1119 3299 1161 3348 25.
1180 3301 1255 3358 t,1t.

137 3369 265 3412 Hortalum
283 3369 404 3421 nominat,
430 3368 542 3424 cuiusque
562 3381 636 3422 nepos
655 3369 690 3410 M.
711 3369 823 3412 Hortalus
842 3374 989 3412 memoratur·
1005 3370 1064 3413 Tae.
1083 3370 1146 3414 Anu.
1162 3370 1191 3425 2,
1214 3367 1255 3414 3⁷.

137 3442 163 3481 et
184 3438 250 3480 Suet.
274 3435 331 3479 Tib.
351 3433 393 3480 tl.
422 3437 510 3479 Valelt.
532 3441 625 3489 tumen,
652 3450 723 3492 quum
739 3436 814 3481 Codd.
834 3443 857 3480 et
875 3437 936 3480 ΕΜ.
953 3441 1011 3484 vett.
1029 3437 1131 3481 habeant
1153 3438 1256 3491 Ortule,

137 3519 225 3550 nomen
242 3505 361 3548 Graecum
374 3503 452 3548 lictum
467 3497 712 3574 censstlomatog.
732 3506 778 3548 Sed
792 3507 908 3549 llalorum
926 3519 995 3548 inore
1014 3491 1146 3559 adspiratio
1164 3507 1258 3550 videtur

136 3575 228 3617 omissa
247 3587 309 3617 esse.
349 3570 374 3617 lt.
393 3573 538 3616 letaHeins.
576 3571 600 3616 8.
620 3572 714 3632 obtegit
729 3573 805 3618 Codd.
817 3575 891 3618 Voss.
936 3569 1039 3617 9-14.
1063 3572 1087 3616 h.
1100 3575 1117 3616 Ι.
1132 3586 1161 3617 ex
1173 3573 1259 3632 Elegia

136 3645 167 3686 ad
179 3642 298 3685 Manlium
310 3643 410 3686 inseruit
422 3641 598 3685 Lachmanuus.
637 3638 678 3685 15.
698 3643 772 3686 Deest
787 3643 811 3686 in
827 3643 887 3686 Cdd.
896 3642 952 3698 aliq.
967 3664 1000 3674 -
1013 3639 1119 3684 audiero
1131 3653 1258 3700 aienquum

136 3727 150 3755 e
167 3711 228 3754 Cdd.
243 3716 267 3753 et
279 3710 339 3754 ΕΜ.
353 3715 410 3753 vett.
429 3712 483 3754 Sitl.
500 3711 599 3754 Laebm.
628 3712 723 3768 Vulgo:
743 3710 882 3770 Alloquor?
900 3709 1037 3754 uuda'erone
1057 3723 1175 3768 unquam.
1195 3711 1259 3754 Tum

136 3775 322 3836 promsacta,
342 3778 506 3823 multivarias.
536 3781 667 3836 Utrumque
683 3793 706 3822 v.
724 3793 777 3823 euin
789 3781 843 3822 aliis
857 3777 1046 3822 omisitLaehm.
1085 3775 1127 3824 20.
1147 3777 1259 3822 Daulida

136 3849 162 3895 b.
178 3849 195 3891 l.
209 3848 359 3900 Philomela,
379 3849 492 3891 sie=dieta
510 3848 539 3891 ab
556 3848 615 3892 urbe
630 3849 716 3891 Daulia
734 3849 759 3890 in
777 3848 897 3899 Pboeide,
919 3845 958 3890 ubi
976 3851 1037 3890 teste
1057 3845 1165 3900 Thacia.
1176 3845 1201 3901 2,
1213 3845 1257 3892 29.

136 3919 219 3961 adem
229 3916 313 3960 habuit
322 3917 425 3960 Tereus.
464 3917 500 3959 lb.
520 3916 603 3975 Itylus
617 3922 642 3960 ut
654 3915 743 3965 Odiss.
754 3928 785 3969 τ,
800 3913 859 3960 518.
878 3916 941 3959 idem
958 3915 996 3971 qui
1008 3914 1068 3958 alias
1081 3914 1140 3966 tus.
1152 3928 1175 3960 v.
1184 3917 1257 3964 Voss.

136 3988 167 4029 ad
179 3986 250 4042 virg.
264 3985 318 4028 Eel.
333 3983 362 4038 6,
378 3982 420 4030 80.
459 3982 501 4028 22.
521 3990 627 4042 experto
637 3987 711 4029 Voss.
725 3984 825 4028 eCodtl.
844 3984 957 4028 Retineut
970 3983 1057 4027 Valck.
1068 3982 1140 4026 rosc.
1160 4009 1193 4020 -
1211 3999 1258 4028 ex-

135 4060 225 4110 eerptoe
237 4055 300 4098 seat.
317 4075 347 4086 -
366 4053 905 4110 expreaaaAld‚Doe1-.Sill.Lachm.nunc
921 4051 1034 4106 praetuli.
1061 4051 1098 4095 lb.
1112 4048 1260 4110 Battiadae]

136 4155 149 4177 „
158 4122 212 4166 Noa
228 4136 243 4164 a
257 4123 381 4166 conditore
395 4123 518 4176 Cyrenes,
539 4124 580 4167 sed
597 4123 627 4166 ab
645 4123 699 4176 ipso
717 4127 784 4174 patae
798 4121 958 4165 Callimachus
972 4119 1017 4164 tuit
1029 4120 1150 4165 Battiades
1163 4123 1256 4175 dictus;

135 4204 193 4235 uam
210 4191 319 4245 Battum,
340 4192 417 4235 uirum
435 4191 499 4235 bello
518 4193 624 4244 alarum,
650 4195 743 4245 patrem
761 4191 889 4244 habuisse,
917 4193 1020 4233 matrem
1038 4190 1172 4236 Mesatmeu
1191 4191 1256 4235 novi-

136 4272 190 4304 mas
204 4273 217 4304 e
229 4261 328 4304 Suida.”
346 4261 431 4305 valeta.
460 4259 514 4315 lpse
533 4273 559 4304 sa
578 4260 611 4305 ita
629 4259 732 4314 appellat
749 4258 908 4304 Callimachus
923 4258 994 4316 Epis.
1011 4254 1053 4307 37.
1220 4257 1225 4266 ’

187 4340 276 4394 Helega·
291 4341 349 4383 Pate.
364 4340 407 4382 Lat.
504 4395 508 4400 ,
985 4338 1005 4400 8
