2948 4820
1195 203 1257 268 stt

135 363 232 437 „Non
255 383 319 446 ego
347 372 378 426 te
400 381 471 426 sera
494 359 586 424 talem
608 361 668 423 sub
692 371 786 426 noete
808 359 970 436 videbam,
1219 361 1259 424 us
1319 353 1325 364 ’

136 467 234 528 Saera
257 465 362 528 lerens
385 463 557 548 epulasque
578 462 652 537 tibi;
678 485 738 528 nee
760 464 830 528 talis
853 465 951 528 hianti

135 568 238 630 Mella
259 568 371 629 dabam
394 585 431 628 ae
453 565 571 629 uostris
594 565 761 632 nutribam
784 567 846 630 lida
872 567 1011 632 venenis.

137 670 241 750 eram
265 669 396 752 gravida
419 689 502 730 urium
528 667 611 731 mole
633 668 733 734 iaces!
758 690 850 753 quam
873 670 981 753 segnis
1004 670 1136 734 inertem
1249 727 1261 744 ,

137 773 249 834 Fletus
273 770 383 833 habet!
408 772 476 834 Nee
498 784 545 846 te,
569 769 698 844 saltem,
724 771 918 846 miserande,
944 772 1082 853 pereruil

137 875 210 936 Heu
234 894 360 937 saevmu
383 893 516 954 passure
538 872 637 937 diem!
659 871 720 936 iam
744 874 829 937 nulla
851 873 974 937 videbis
1194 875 1260 934 100

137 976 290 1050 Vellera,
314 975 399 1038 mdla
421 986 473 1038 tua
496 975 652 1056 fulgentia
675 979 756 1038 dona
779 975 839 1038 sub
862 978 988 1040 umbra.

138 1077 226 1142 Cede
248 1078 322 1140 Deo
344 1079 439 1169 inque
462 1075 532 1139 aliis
554 1077 674 1140 senium
699 1098 780 1139 nttue
802 1076 914 1160 digere
938 1075 1018 1140 lueis

136 1180 332 1254 immernor,
357 1199 439 1254 oro,
465 1179 542 1254 mei3
566 1199 624 1240 nee
648 1185 770 1242 rne'tua
793 1178 885 1241 sibila
909 1188 979 1244 toto

136 1280 316 1364 Exagitent
338 1279 450 1343 infesta
475 1280 566 1344 mari.
611 1283 675 1343 Sed
697 1292 729 1343 tu
753 1301 881 1363 quoque
904 1291 1057 1356 cunetas,

135 1381 321 1458 Aesonide,
345 1382 467 1446 dimitte
491 1403 597 1446 moras
619 1395 714 1466 atque
736 1383 843 1466 effuge
866 1380 966 1464 raptis
1199 1385 1258 1447 105

88 1541 90 1545 ,
139 1483 336 1548 Velleribus.
378 1481 510 1547 Patrios
532 1483 671 1550 exstinxi
694 1483 790 1548 noxia
814 1495 944 1559 tauros3

138 1586 335 1670 Terrigenas
356 1585 389 1648 in
411 1587 474 1648 lata
499 1585 587 1660 dedi;
610 1587 715 1649 susmn
738 1606 813 1649 eece
836 1585 984 1650 draconis

137 1687 267 1770 Corpus
290 1688 403 1760 habes;
435 1686 558 1776 iamque
581 1709 674 1750 omne
697 1687 802 1763 nesus,
827 1688 907 1763 iam,
931 1709 1049 1770 spero,
1074 1688 1222 1772 peregi.''

138 1787 314 1868 Quaerenti
335 1800 411 1850 tune
433 1789 543 1852 deiude
566 1789 668 1863 viam,
692 1812 751 1873 qua
775 1811 809 1852 se
832 1792 949 1853 ardisus
971 1791 1068 1852 heros

138 1893 254 1955 Ferret
276 1893 315 1954 ad
337 1891 507 1975 armigerae
530 1903 626 1973 eaput
648 1891 794 1956 arboris:
819 1891 925 1968 „Eia,
950 1913 1007 1973 per
1030 1893 1131 1974 ipsum
1197 1896 1260 1956 110

138 1994 261 2058 Scande
284 2015 345 2077 age
368 2005 400 2057 et
422 1995 558 2056 adverso
582 2014 730 2077 gressus,
756 1994 816 2071 ait,
842 1994 987 2077 imprime
1010 1994 1146 2058 dorso.''

138 2097 209 2158 Nee
231 2117 320 2159 mora
346 2097 401 2158 fit:
426 2095 517 2158 dietis
539 2095 640 2157 fideus
664 2095 816 2161 Cretheia
841 2097 953 2178 proles

139 2197 253 2262 Calcat
274 2208 306 2260 et
326 2201 451 2260 aiiream
474 2197 612 2281 squamis
637 2198 801 2278 perfertur
824 2201 862 2260 ad
886 2220 1019 2275 ornum,
1108 2187 1110 2200 '

139 2298 239 2363 Cuius
262 2301 363 2362 adhue
383 2299 510 2363 rutilam
533 2302 705 2363 servabant
731 2300 859 2362 brachia
884 2302 1019 2381 pellem,

138 2401 286 2466 Nubibus
310 2401 451 2465 accensis
474 2401 606 2464 similem
630 2413 683 2465 aut
706 2423 802 2484 quom
826 2412 914 2466 veste
935 2403 1076 2466 recincta
1199 2406 1258 2468 115

138 2503 275 2566 Labitur
297 2502 419 2566 ardenti
444 2503 671 2567 Thaumantias
695 2505 792 2567 obvia
815 2506 967 2569 Phoebo.

139 2604 288 2688 Corripit
309 2617 452 2689 optatum
474 2609 570 2669 deeus
592 2619 831 2691 extremumque
852 2605 997 2671 lahorem

140 2707 320 2771 Aesonides
343 2710 523 2794 longosque
550 2709 610 2772 sibi
633 2719 757 2793 gestata
781 2730 841 2795 per
864 2730 963 2772 annos

139 2811 301 2874 Phrixeae
320 2811 510 2875 monimenta
534 2812 631 2896 lugae
651 2811 706 2874 vix
732 2810 868 2874 reddidit
891 2813 990 2874 arhor

139 2911 222 2976 Cum
246 2913 364 2996 gemitu
387 2913 557 2997 tristesque
580 2935 677 2995 super
698 2914 806 2977 eoiere
827 2914 990 2977 tenebrae.
1199 2918 1260 2979 100

138 3014 274 3099 Egressi
297 3015 442 3098 relegunt
468 3036 597 3098 campos
616 3027 648 3078 et
671 3015 805 3078 fluminis
825 3037 883 3078 ora

139 3118 417 3198 Srrrrrnrapetirn13
441 3117 534 3180 nrieat
554 3116 656 3181 oannis
680 3139 758 3202 ager
784 3118 934 3202 villisque
960 3130 1139 3184 coenantem

140 3218 279 3282 Sidereis
301 3229 389 3283 totos
412 3221 525 3303 pellem
548 3242 630 3283 natue
652 3221 755 3283 fundit
775 3220 808 3282 in
834 3233 939 3299 artus,

140 3323 235 3383 Nune
257 3319 288 3382 in
313 3323 395 3386 eolla
415 3323 535 3399 refert,
566 3344 649 3386 utine
672 3321 813 3405 implicat
834 3323 887 3386 ille
908 3323 1068 3388 sinistrae.

140 3422 230 3484 Talis
252 3425 292 3484 ab
315 3423 453 3486 Inachiis
481 3427 618 3488 Nemeae
642 3424 831 3504 Tirynthius
854 3425 952 3487 antris
1198 3429 1259 3490 125

140 3524 211 3586 lbat
237 3525 338 3586 adhue
363 3538 474 3608 aptans
496 3525 636 3588 humeris
660 3525 816 3610 capitique
842 3527 980 3591 leonem.

184 3626 229 3688 Ut
253 3647 330 3690 vero
350 3627 465 3701 sociis,
492 3627 545 3712 qui
566 3639 640 3690 tune
666 3629 826 3711 praedicta
848 3631 998 3693 tenebant

142 3726 255 3804 Ostia,
279 3749 339 3810 per
361 3729 475 3813 longas
499 3729 647 3813 apparuit
669 3753 784 3794 armeus
807 3734 954 3808 arnrbras,

140 3925 183 3974 99.
203 3927 309 3981 „Medea
328 3931 356 3974 ds
376 3931 439 3975 tuctu
459 3933 588 3976 redolere
607 3933 730 3990 rogitans,
750 3933 835 3988 quibus
851 3930 968 3977 alliciatur
989 3934 1062 3978 draeo
1073 3963 1080 3986 ,
1107 3939 1131 3977 ut
1158 3935 1261 3990 qariramm

139 3996 263 4055 evigilabit
281 4011 324 4043 nee
343 4001 444 4054 amplius
461 4001 551 4046 videbit
570 4003 691 4047 custodias
710 4013 767 4046 suae
785 4004 939 4046 seruauissum
958 4004 1052 4057 vellaus,
1080 4005 1196 4048 exalarunt
1215 4019 1261 4048 aar

138 4071 162 4110 ts
180 4067 270 4110 saltam
294 4069 407 4124 pereuni,
435 4068 507 4125 (quod
534 4070 610 4115 satius
638 4071 681 4117 tibi
710 4069 786 4128 esset)
815 4077 839 4115 nt
862 4071 974 4116 urerhum
993 4072 1112 4128 effugeres
1132 4075 1259 4126 dolorem,

139 4135 180 4192 qai
200 4140 223 4180 ts
242 4141 321 4181 enaret
340 4138 421 4182 eras.''
449 4138 560 4189 caussis.
606 4137 664 4187 113.
684 4137 808 4201 squamis]
828 4155 881 4186 euin
900 4143 960 4186 hldo
980 4141 1076 4188 Weieh.
1096 4161 1130 4178 -
1148 4143 1261 4201 quemvis

140 4205 202 4250 Gdd.
223 4206 311 4266 Volgo.
351 4204 410 4253 116.
431 4209 486 4256 lris.
