2964 4814
218 127 276 188 tan

286 271 386 343 Lirim
408 281 456 344 11.
495 279 685 344 ELEGIA.
708 281 755 342 X.
801 224 1009 364 Buau1.‚(lll.
1028 283 1093 344 IV.
1111 285 1265 364 Lacunis)

216 385 479 467 Quandocumque
501 382 600 466 igitur
621 392 752 444 nostros
774 402 861 444 mors
884 383 1009 448 claudet
1033 385 1173 462 ocellos,

278 485 401 566 Accipe
424 505 505 568 quae
528 504 637 547 serves
659 481 780 547 itineris
804 496 872 546 aeta
898 484 969 547 mei.

215 589 284 650 Nec
308 607 373 649 inea
396 597 470 648 tunc
492 585 591 668 longa
615 585 770 666 spatietur
792 584 929 669 imagine
952 608 1093 670 pompe,
1175 600 1178 604 '

278 682 345 752 Nec
368 691 444 750 tuba
467 687 507 749 sit
528 687 587 748 fati
612 707 690 750 vana
713 687 842 770 querela
867 688 946 764 rnei,

214 791 284 852 Nec
307 788 381 850 inihi
403 800 479 850 trine
501 787 606 851 lulero
629 799 787 850 sternatur
809 789 909 851 lectus
933 791 1079 865 eburno,

277 892 347 962 Nec
369 889 409 952 sit
431 889 461 951 in
484 889 628 953 Attalico
651 910 738 952 mors
762 909 830 950 inea
853 889 926 952 nixa
949 901 1037 954 toro.

215 991 307 1056 Desit
330 989 502 1054 odoriferis
526 993 607 1054 ordo
632 989 706 1056 nihi
727 990 888 1065 laneihus3
913 992 1015 1054 adsint

277 1091 401 1155 Plebeii
424 1113 543 1173 parvae
565 1091 687 1155 funeris
710 1091 892 1174 exsequiae.

215 1197 270 1258 Sat
293 1215 361 1256 anea
384 1205 432 1256 sat
455 1215 564 1277 inagna
590 1205 655 1270 cst,
680 1193 706 1256 si
730 1204 792 1256 tres
815 1194 1016 1276 sint‘pompa
1040 1193 1158 1272 libelli,

276 1296 368 1375 Quos
391 1315 453 1379 ego
477 1285 706 1376 Persephonae
729 1294 861 1356 maxima
887 1298 968 1359 dona
991 1297 1104 1360 lerarn.
1294 1303 1332 1361 10

215 1401 243 1461 Τ
248 1421 266 1460 ιι
289 1419 368 1461 vero
391 1399 505 1459 otidum
528 1407 639 1478 peetus
661 1398 799 1458 lacerata
822 1397 985 1479 sequeris,

276 1501 347 1562 Nec
369 1498 467 1561 lucris
491 1519 606 1562 nomen
628 1498 710 1560 lassa
733 1518 852 1562 vocare
875 1520 990 1574 merim,

216 1601 399 1684 Osculaque
420 1600 452 1662 in
475 1599 585 1683 gelidis
607 1620 708 1680 pones
730 1620 877 1681 suprema
900 1600 1038 1676 labellis,

153 1781 156 1794 ,
277 1702 383 1781 Quom
407 1701 532 1765 dabitur
554 1701 650 1780 Syrio
674 1721 803 1764 intinere
825 1704 938 1783 plenus
959 1687 1062 1784 onyx.

212 1801 355 1876 Deinde,
381 1801 435 1866 uhi
461 1802 645 1884 suppositus
670 1803 806 1866 cinerem
830 1825 877 1866 ine
900 1805 1012 1868 lecerit
1035 1809 1168 1888 ardor„
1293 1811 1331 1871 15

276 1904 423 1986 Accipiat
447 1905 576 1966 Manes.
585 1905 718 1984 parvula
741 1915 821 1970 testa
845 1926 949 1980 ineos,

212 2006 256 2068 Et
278 2005 318 2068 sit
340 2005 371 2069 in
395 2005 514 2088 exiguo
539 2007 646 2068 laurus
668 2006 871 2086 superaddita
895 2010 1010 2081 husto,

205 2116 209 2124 '
275 2108 365 2187 Quae
389 2119 476 2191 tegat
499 2106 647 2170 exstincti
668 2107 788 2181 silueris
812 2111 924 2185 rirnbra
946 2111 1073 2184 locunt,

213 2210 256 2272 Et
278 2212 341 2289 diro
363 2209 425 2271 sint
447 2230 576 2272 versus:
610 2210 675 2289 Qui
699 2232 783 2272 nuuc
808 2197 908 2272 incar
930 2233 1076 2275 atoarios
1099 2235 1232 2289 suevis,

276 2313 380 2375 Unius
404 2333 460 2372 uic
484 2331 643 2385 puouoaiu
666 2332 783 2372 servus
806 2313 939 2376 Anionis
963 2335 1061 2376 naar.

213 2415 282 2475 Nee
305 2413 406 2474 minus
430 2413 508 2474 haec
531 2410 632 2474 nostri
654 2423 798 2475 notescet
819 2413 904 2475 sama
927 2415 1084 2495 sepulcri,

228 2515 231 2522 '
276 2515 378 2594 Quam
402 2514 528 2580 lucrant
551 2513 661 2577 Phthii
683 2516 773 2576 busta
800 2526 932 2577 cruenta
956 2515 1028 2578 viri.

214 2619 266 2680 Tu
288 2636 433 2700 quoque,
459 2617 485 2677 si
510 2617 637 2698 quando
661 2615 766 2678 venies
790 2617 828 2677 ad
849 2615 930 2690 sata,
956 2618 1140 2696 (menrento)

276 2719 351 2780 Hoc
372 2717 434 2779 iter
457 2720 496 2778 ad
517 2716 636 2798 lapides
660 2738 738 2778 cana
762 2717 833 2779 veni
857 2739 1026 2782 memores.
1094 2784 1096 2788 ,
1218 2706 1222 2719 Χ

213 2822 340 2882 Interea
363 2839 440 2881 cave
463 2818 506 2880 sis
528 2839 588 2880 nos
612 2830 776 2900 aspernata
800 2819 965 2900 sepultos:
1039 2845 1041 2848 ·

275 2898 351 2983 Non
373 2918 450 2982 nihil
472 2921 511 2980 ad
534 2941 643 2981 ‘verum
667 2919 794 2986 conscia
816 2930 904 2981 terra
926 2919 1019 3001 sapit.

424 3081 478 3125 Las.
499 3083 531 3125 ll.
568 3079 664 3126 ELEG.
683 3082 717 3126 X.
755 3084 838 3126 Bonus.
858 3083 913 3137 (lll.
933 3083 975 3130 lv.
994 3082 1105 3138 Licuit.)

267 3149 290 3200 1.
317 3163 386 3194 mors
412 3150 489 3194 Codd.
519 3164 611 3194 ornnes.
638 3175 670 3184 -
699 3163 751 3195 nox
775 3152 858 3199 Helos.
878 3151 985 3196 Broukh.
1009 3152 1093 3196 Burin.
1114 3153 1163 3196 lar.
1230 3151 1253 3200 6.
1276 3159 1333 3198 tora

212 3220 322 3266 Attalicis
346 3219 450 3263 vestibus
480 3219 591 3263 instrato.
627 3219 691 3264 Plin.
720 3220 750 3264 il.
774 3219 804 3263 N.
831 3217 861 3273 8,
888 3217 930 3268 48.
967 3217 1063 3264 Auream
1082 3221 1197 3266 intexere
1220 3221 1333 3266 aestibus

213 3288 306 3334 inuenit
328 3287 427 3332 Attalus
453 3301 512 3332 rex.
569 3285 593 3332 7.
618 3294 645 3332 at
669 3288 722 3332 alal
744 3289 828 3332 lleins.
854 3288 917 3332 roni.
942 3286 989 3332 Ll.
1046 3286 1087 3333 11.
1114 3303 1219 3349 aequare
1244 3291 1330 3334 Burin.

214 3355 256 3403 13.
272 3370 355 3415 ponas
371 3358 405 3401 id.
466 3354 507 3402 19.
528 3355 622 3411 ,arida
636 3370 659 3400 x.
680 3371 702 3401 c.
722 3356 840 3411 Puerius;
860 3359 922 3413 quod
944 3356 1126 3411 praeferendum
1144 3359 1245 3403 videtur.
1277 3357 1333 3402 Non

213 3428 277 3473 enirn
301 3432 438 3480 terrorem,
471 3428 513 3470 sed
536 3426 727 3470 inisericordiam
750 3425 801 3470 vult
827 3426 1005 3469 corninovcre.¹’
1030 3427 1078 3470 lae.
1136 3425 1179 3470 ll.
1200 3429 1235 3471 lta
1251 3426 1330 3480 cdd,

213 3497 259 3540 nisi
278 3497 339 3553 quod
361 3495 467 3551 plerique
489 3495 637 3553 distinguunt
658 3499 712 3548 post
732 3494 788 3538 iter.
825 3494 1009 3538 Distinctionetn
1034 3499 1153 3538 servatoru
1177 3510 1191 3538 a
1215 3495 1284 3544 Pald.
1307 3501 1335 3540 et

214 3567 278 3620 lar.,
307 3569 371 3608 recle
393 3563 430 3606 his
455 3563 551 3606 sustulit
573 3563 688 3614 Lachne„
722 3567 746 3604 ut
765 3563 938 3620 coniungatur:
969 3563 1025 3606 cens·
1046 3560 1092 3606 hoc
1117 3563 1174 3610 iter.
1210 3564 1274 3620 2¹¹⁸·
1295 3563 1333 3607 lla

214 3633 290 3678 Godd.
310 3633 357 3677 uisi
378 3633 441 3688 quod
457 3632 603 3688 distinguunt
624 3635 679 3684 post
695 3630 753 3677 iter.
774 3653 806 3664 —-
825 3636 946 3674 metuente
964 3627 1009 3674 hoc
1027 3631 1088 3674 itere
1105 3630 1139 3675 ad
1152 3629 1250 3688 lapides
1265 3645 1333 3674 caua

213 3702 297 3748 rantra
318 3713 396 3745 meos.
422 3699 485 3743 Seal.
506 3699 535 3743 ll.
591 3697 632 3743 31.
654 3697 716 3758 (luis
738 3703 789 3742 tom
816 3699 953 3758 longaevae
976 3699 1133 3744 meminisset
1150 3701 1233 3743 Burin.
1248 3723 1281 3732 —
1300 3699 1331 3743 ss·

214 3775 265 3814 tam
283 3772 419 3828 longaevae
440 3769 574 3814 minuisset
604 3768 687 3811 Barth.
717 3767 766 3812 Nos
788 3767 886 3812 Lachin.
906 3769 980 3812 secuti
1000 3770 1096 3822 suiuus,
1123 3769 1168 3812 nisi
1187 3765 1334 3824 quodGal-

121 3845 127 3850 '
170 3866 173 3873 -
213 3839 278 3884 licus
297 3852 354 3893 praa
373 3839 443 3884 nimis
465 3838 556 3880 incerta
577 3837 629 3882 eius
648 3838 785 3881 coniectura
809 3835 873 3880 llius
898 3835 997 3896 probata
1016 3836 1121 3888 lambo,
1150 3837 1255 3880 retinere
1280 3849 1332 3879 ma-

214 3907 310 3952 luimus.
349 3903 476 3952 Gallicum
494 3906 596 3950 militem
617 3907 685 3950 docte
701 3906 725 3948 in
747 3904 858 3963 ambiguo
876 3905 991 3949 vocabulo
1009 3907 1073 3950 velut
1086 3903 1227 3950 ludibundus
1240 3904 1332 3950 dixisse

213 3974 307 4019 uidetur
325 3988 369 4029 pro
389 3974 513 4031 Phrygio,
533 3989 547 4016 a
564 3974 773 4031 Gallo1Phrygiae
789 3971 871 4017 fluvio.
909 3973 976 4018 Aliae
997 3976 1060 4016 coni.
1081 3977 1136 4016 sunt
1152 3973 1250 4017 Boherii
1273 3969 1332 4016 Bel-

214 4043 297 4096 lieus,
318 4055 364 4086 uon
385 4042 519 4098 improbata
538 4043 653 4087 Paldaino
678 4056 704 4097 p.
725 4039 785 4087 ³⁰9.
806 4047 830 4087 et
853 4040 937 4088 Naelii
956 4035 1065 4085 Choeril.
1086 4054 1110 4095 p.
1133 4038 1191 4086 136.
1237 4036 1335 4084 Caera-

212 4113 255 4156 lus
276 4120 307 4156 =
334 4110 466 4155 caeruleus
493 4121 524 4157 ε
550 4112 624 4172 niger
646 4109 814 4168 :Aethiops
843 4120 874 4154 =
893 4108 1021 4154 Memnon.
1060 4109 1114 4153 Tati
1137 4109 1191 4153 scil.
1219 4122 1332 4166 progres-

216 4180 282 4224 sione
307 4179 379 4226 veluti
404 4180 584 4226 mathematicus
619 4181 672 4224 Viri
698 4180 829 4224 acutissimi
860 4180 926 4223 iocus
948 4178 1062 4223 facillime
1093 4178 1208 4234 explicari
1241 4181 1330 4231 potest.

1232 4375 1245 4414 Ι
