2952 4826
136 346 271 431 Quippe
293 344 404 411 videre
426 344 503 410 lieet
518 343 731 430 pinguescere
747 367 842 429 saepe
860 345 964 410 cicuta

137 447 339 534 Barbigeras
358 452 515 532 pecudes,
537 447 665 514 homini
685 469 768 534 qnae
791 459 931 514 estsere
952 469 1120 516 venenum.

203 554 304 636 ignea
322 551 449 614 flamma
466 549 593 636 quidem
613 573 711 636 quom
735 571 878 634 corpora
899 551 988 615 fulva
1007 550 1134 616 leonum

141 657 224 718 'l'am
245 654 347 717 soleat
369 664 498 717 torrere
520 663 615 738 atque
633 673 728 716 urere
753 675 846 738 qnam
870 674 969 737 genus
989 674 1083 718 omne
1199 656 1263 720 900

141 754 289 819 Visceris
310 754 344 817 in
365 754 461 818 terris
481 757 733 840 qnodqnomqne
757 766 787 818 et
806 753 969 840 sanguinis
988 765 1111 820 exstet:

142 858 208 937 Qui
230 855 302 920 lieri
320 855 447 938 potnit,
470 853 593 937 triplici
616 878 686 918 cum
711 877 854 938 corpore
875 867 908 919 nt
928 878 1005 933 una,

141 957 256 1024 Prima
276 959 348 1034 leo,
371 969 535 1040 postrema
555 960 675 1034 draeo,
700 958 801 1023 media
819 960 888 1042 ipsa
912 957 1072 1024 chimaera

141 1063 211 1126 Ore
227 1060 317 1124 foras
339 1080 446 1123 aerem
468 1059 561 1124 flaret
580 1063 619 1123 de
643 1081 786 1144 corpore
809 1061 990 1132 flammam?

202 1163 311 1243 Quare
332 1160 426 1225 etiam
449 1161 562 1226 tellure
585 1183 670 1226 nove
693 1163 847 1248 caeloque
868 1163 1007 1240 recenti,
1198 1167 1260 1232 905

138 1263 234 1328 Talia
257 1263 312 1349 qni
329 1262 424 1346 fingit
447 1263 590 1346 potuisse
611 1263 756 1328 animalia
780 1264 892 1349 gigni,

137 1366 246 1430 Nixus
266 1365 299 1428 in
322 1367 387 1429 hoo
407 1385 470 1430 nno
492 1364 647 1430 novitatis
669 1365 797 1430 nomine
814 1365 920 1444 inani,

138 1468 246 1532 Multa
269 1467 344 1530 licet
366 1466 461 1530 simili
481 1465 607 1532 ratione
630 1467 753 1532 effutiat
775 1488 846 1534 ore.

137 1572 251 1634 Aurea
273 1581 339 1632 tum
362 1569 446 1632 dieat
465 1590 522 1650 per
546 1579 649 1632 terras
671 1569 800 1633 flumina
825 1571 927 1656 volgo

139 1670 288 1752 Fluxisse
308 1681 340 1734 et
359 1669 491 1756 gemmis
510 1671 630 1736 floreno
652 1673 779 1736 arbusta
802 1676 932 1736 su'e'sse:
1199 1675 1263 1740 91⁰

139 1775 209 1837 Aut
230 1772 389 1838 hominem
412 1784 500 1837 tanto
523 1776 739 1838 membrorum
761 1794 828 1838 esse
848 1773 964 1857 impete
985 1786 1112 1854 natum,

140 1878 248 1938 Trans
269 1872 367 1937 maria
391 1875 453 1936 alta
474 1877 589 1956 pedum
615 1874 707 1938 nixus
729 1886 763 1938 nt
785 1880 925 1959 pandere
946 1890 1057 1959 posset

139 1979 186 2042 Et
210 1977 353 2042 manibus
374 1988 475 2041 totum
500 1977 620 2040 circum
641 1999 674 2041 se
697 1989 829 2042 vortere
852 1979 986 2044 caelum.

140 2081 241 2156 Nam,
265 2082 353 2165 quod
377 2080 473 2142 multa
494 2079 584 2144 inere
607 2079 640 2142 in
663 2079 760 2144 terris
780 2079 899 2145 semine
922 2103 1047 2161 rerum,

140 2185 307 2264 Tempore
329 2204 394 2267 quo
416 2180 554 2264 primum
576 2181 669 2246 tellus
692 2181 839 2245 animalia
860 2181 960 2260 indit,
1199 2186 1261 2252 915
1287 2177 1289 2182 ’

138 2283 198 2349 Nil
218 2294 322 2347 tamen
345 2295 392 2347 est
414 2281 498 2369 signi
521 2281 634 2348 nnixlas
653 2283 798 2366 poluisse
820 2285 926 2350 creari

134 2523 235 2581 puerili
253 2534 312 2566 neon
324 2521 436 2586 florento
453 2523 525 2567 Vind.
541 2524 600 2567 Ver.
611 2525 673 2569 Ven.
692 2523 797 2581 (prrerr'li
815 2535 873 2566 neon
887 2522 1012 2585 florentes
1031 2521 1127 2582 llrix.);
1147 2527 1207 2571 unde
1218 2527 1261 2571 W.

137 2591 354 2654 nolebslflornlu,
369 2592 510 2636 vocabulum
525 2593 603 2636 nihili.
622 2617 656 2627 -
671 2593 762 2650 pneris
780 2605 839 2636 nevo
853 2591 961 2654 florente
974 2592 1065 2638 nin-il.
1104 2591 1163 2640 887.
1178 2593 1264 2658 Officii

139 2662 262 2708 numellis
275 2661 334 2706 Cdd.
348 2663 420 2707 eliam
434 2661 463 2706 C.
478 2661 509 2706 Ε.
523 2663 597 2707 Wak.
616 2661 738 2717 „obsim
755 2662 887 2717 interponit
905 2675 932 2706 ne
952 2662 1027 2707 levori
1045 2664 1188 2722 gener-nm.”
1205 2665 1262 2710 lnde

138 2733 169 2776 ab
180 2730 286 2775 Anneio
303 2730 427 2776 ediderunt
438 2729 551 2788 Oecipit‚
571 2732 633 2788 qnod
645 2731 816 2776 Lucretianum
833 2745 879 2775 non
895 2735 948 2776 est:
969 2731 1010 2776 illo
1026 2729 1165 2790 frequenter
1176 2734 1262 2780 utitur.

139 2798 201 2847 890.
216 2798 314 2844 rabidis
325 2801 409 2844 lleins.
417 2800 497 2845 nean
505 2802 568 2846 coni.
576 2801 619 2846 W.
633 2799 733 2858 rapidis
747 2799 823 2844 Codd.
831 2799 892 2844 End.
902 2805 1045 2846 omnesente
1054 2803 1096 2846 W.
1134 2799 1194 2849 894.
1202 2817 1263 2860 per-

131 2869 229 2934 ficiunt
244 2882 272 2912 ex
290 2882 337 2914 uno
351 2870 465 2916 Cod.W.
494 2871 576 2916 Celeri
596 2870 692 2926 (0.9.)
708 2870 769 2914 Edd.
784 2874 842 2914 vell.
864 2868 1018 2932 proficiunt,
1042 2873 1103 2917 unde
1122 2873 1264 2929 preiioinnl

138 2939 249 2986 Turneb.
263 2937 292 2982 L.
306 2938 337 2982 ll.
353 2937 492 3000 perfirae'unl
508 2940 600 2984 robora
621 2941 714 2996 explica
732 2954 786 2984 enm
804 2940 878 2984 Weln.
898 2942 948 2993 „nd
968 2938 1040 2986 finem
1058 2943 1159 2997 ducunt,
1183 2943 1217 2987 ile
1238 2946 1264 2986 nl

138 3012 259 3067 nequeant
274 3008 414 3066 progredi.'¹
462 3007 521 3054 899.
541 3010 610 3053 Brix.
627 3009 703 3071 lgnin
721 3010 812 3070 (Ignea
825 3013 868 3057 Ar.
885 3007 929 3064 P.)
943 3009 1051 3073 flumme
1070 3010 1169 3070 qnidam
1189 3023 1263 3071 quom

137 3090 247 3136 corpora
265 3097 298 3107 -
317 3078 423 3124 omisso:
443 3091 510 3124 nero.
538 3080 564 3124 ln
584 3077 628 3124 Cd.
646 3079 677 3124 Ε.
692 3081 751 3124 Ver.
770 3081 830 3125 Ven.
848 3082 915 3124 deest
932 3086 956 3124 et
974 3080 1054 3140 lgneo
1069 3085 1092 3124 el
1107 3094 1179 3136 nero,
1199 3081 1263 3138 qnod

139 3152 264 3202 comparet
280 3147 327 3190 iam
346 3160 384 3202 ep.
403 3148 465 3192 lunt.
486 3149 593 3194 etnim:
612 3147 726 3192 Flamma
745 3149 843 3208 quidem
862 3162 919 3193 nero
937 3163 1009 3207 qnom
1028 3162 1136 3206 corporo
1146 3146 1224 3208 snlw
1242 3150 1262 3195 1.

137 3219 213 3264 Vides
229 3223 354 3273 uirumque
369 3230 422 3262 esse
436 3231 465 3262 ex
482 3220 560 3273 suppl.
580 3218 656 3262 immo
667 3219 771 3264 Crilicns
782 3220 805 3262 in
822 3220 928 3277 margine
941 3219 972 3263 E.
985 3220 1082 3263 {ortium
1094 3220 1264 3274 pravissimum

137 3287 253 3343 protulit:
273 3283 388 3330 Flamma
407 3286 505 3345 qnidam
516 3283 604 3346 febris
619 3301 691 3347 quom
707 3302 730 3332 c.
739 3285 769 3347 f.
783 3289 801 3336 l.
820 3289 904 3333 Leone
919 3293 999 3332 aulem
1015 3288 1083 3332 Brix.
1101 3302 1174 3346 quum
1185 3288 1264 3346 megin

137 3357 234 3413 poetica
255 3355 391 3410 videretur,
413 3358 526 3414 languere
541 3362 625 3401 contra
640 3357 702 3401 istud
722 3371 793 3412 noro,
815 3359 880 3402 illam
896 3360 939 3402 elsi
954 3358 1070 3402 ineerlenn
1094 3359 1262 3412 praelnlimns.

137 3426 190 3470 Nec
207 3438 266 3470 vero
281 3426 344 3468 nnnle
358 3425 508 3479 Pomponius
523 3426 611 3471 Laetus
628 3427 651 3470 in
668 3426 713 3475 Cd.
729 3428 774 3471 C.:
802 3426 889 3472 Ardnn
903 3425 1011 3488 flamma
1030 3425 1128 3484 quidem
1146 3439 1220 3484 quom
1238 3439 1262 3470 r.

130 3492 159 3554 f.
178 3495 198 3538 l.
217 3495 320 3540 Possum
335 3496 406 3538 eliam
420 3497 558 3542 conlisere:
577 3494 683 3540 Fervida
696 3496 804 3558 flumme
823 3501 869 3540 cel.
889 3501 913 3538 ut
932 3495 993 3538 infra
1012 3508 1034 3538 v.
1054 3491 1129 3539 1098.
1145 3492 1264 3557 flammai

130 3562 252 3624 fervidus
277 3561 364 3608 urdor-
422 3561 480 3610 903.
510 3565 547 3608 Ex
569 3566 627 3623 aliq.
653 3565 728 3610 Codd.
752 3566 832 3620 (elium
849 3564 892 3616 E.)
917 3565 956 3607 W.
980 3563 1072 3607 Eiclrsl.
1095 3562 1185 3607 medio.
1216 3564 1263 3608 sed

139 3637 169 3682 11,
183 3633 210 3694 ζ,
233 3631 291 3676 181.
312 3632 410 3677 Hesiodi
422 3634 516 3692 'Pheop
529 3631 588 3679 323.
603 3629 716 3703 πρόσθε
729 3633 820 3688 λέων,
841 3625 946 3682 ὄπιθεν
963 3628 994 3680 δὲ
1012 3625 1143 3699 δράκων,
1162 3629 1263 3695 μέσση

68 3729 74 3746 .
137 3701 169 3752 δὲ
188 3701 328 3770 χίμαιρα,
355 3697 453 3751 δεινὸν
470 3698 675 3753 ἀποπνείουσα
693 3698 787 3773 πυρὸς
803 3703 893 3767 μένος
911 3695 1099 3764 ἀιῢομένοιο.
1148 3697 1206 3746 904.
1228 3703 1264 3746 nn

137 3775 169 3817 Α.
184 3773 213 3816 L.
229 3772 259 3814 ll.
280 3769 330 3814 Ore
335 3767 414 3829 seros
428 3772 504 3818 Codd.
520 3771 544 3821 3.
560 3775 620 3818 Edd.
632 3775 746 3822 velelln.
759 3774 788 3818 P.
815 3772 865 3817 Ore
877 3770 970 3830 serens
990 3772 1051 3814 Cod.
1071 3782 1141 3814 nnus.
1163 3768 1264 3824 (Horri-

131 3839 211 3902 seroo
229 3841 314 3890 elius.)
333 3839 384 3884 Ore
389 3837 473 3900 ferox
490 3846 585 3888 leelins.
618 3845 688 3889 Pelet
706 3843 840 3898 posim-loro
860 3843 918 3885 hoec
938 3841 1017 3884 onnniu
1036 3852 1065 3882 rx
1079 3840 1264 3893 interpolulione

139 3924 209 3968 esse;
230 3925 305 3968 neque
330 3916 382 3956 eunt
406 3926 449 3955 cur
470 3914 544 3957 Wnk.
564 3913 656 3958 Eichst.
676 3927 721 3958 sno
736 3913 828 3954 calculo
845 3905 1082 3966 prolrerentserox‚
1104 3922 1175 3965 quium
1184 3905 1264 3968 sorus

138 3981 252 4026 Lucretio
275 3981 299 4024 in
323 3981 416 4025 deliciis
434 3987 480 4034 snt,
503 3979 545 4036 (6,
562 3979 637 4027 1153.
651 3980 711 4039 rel.)
730 3981 852 4038 magisque
872 3979 1020 4034 corruptioni
1039 3977 1169 4024 obnoxium
1188 3980 1264 4024 inisse

138 4051 248 4095 videnlur
265 4064 335 4106 quom
344 4046 436 4109 ferox.
462 4051 506 4106 (E.
521 4065 585 4106 nnn.
600 4065 633 4096 m.
650 4051 700 4096 Ore
706 4046 784 4109 serus
800 4045 891 4106 [sicque
905 4046 962 4106 C.],
987 4063 1001 4091 a
1019 4062 1069 4093 ser.
1091 4045 1265 4108 Oreserens.)

139 4121 178 4164 lb·
197 4115 299 4180 effloret
312 4121 342 4164 L.
357 4119 387 4164 ll.
418 4120 455 4164 lb.
468 4119 620 4178 (depectere
633 4120 689 4179 Wf)
727 4117 1262 4178 91010600.ιιιιιιε.Αν.ροπᾰινοῦοᾱι1.

137 4190 273 4236 ΕιΙάΛοῑι.
298 4203 393 4248 ponere
405 4191 437 4238 Α.
451 4190 481 4238 Ι..
495 4191 526 4236 Η.
