2946 4816
1179 207 1241 274 249

70 429 72 432 .
120 367 189 435 Hic
208 378 312 430 tamen
334 377 365 430 et
388 363 540 430 Cimbros
563 374 594 428 et
617 349 736 428 stimma
758 361 1031 446 pericularerum

120 469 255 552 Excipit
277 479 309 530 ct
331 467 419 531 solus
441 467 648 548 trepidantem
671 466 816 551 protegit
839 468 975 530 Urbem.
1102 451 1107 461 ¹
1181 465 1245 528 250

119 573 233 656 Atque
256 570 327 633 ideo
351 580 519 652 postquam
542 571 580 632 ad
604 567 756 632 Cimbros
777 560 981 651 stragemque
1004 568 1178 645 volebant,

121 673 187 754 Qui
209 693 368 756 nunquam
388 669 561 756 attigerant
584 671 701 733 rnaiora
726 672 897 745 cadavera,
922 669 1035 746 corvi,

62 827 65 838 .
120 775 251 840 Nobilis
274 786 407 838 ornatur
429 773 521 837 laturo
544 773 671 856 collega
692 773 845 834 secunda.
870 797 881 824 ο

24 911 27 918 ·
120 876 276 941 Plebeiae
298 875 472 938 Deciorum
496 873 634 948 atrimae,
658 873 779 954 plebeia
804 873 933 935 luerunt

121 978 280 1042 Nomina:
305 998 366 1058 pro
390 975 465 1039 totis
488 975 670 1060 legionibus
693 975 726 1036 lri
749 986 851 1037 tamen
875 985 907 1036 et
929 988 991 1058 pro
1181 977 1243 1040 255

123 1079 280 1144 Omnibus
304 1078 426 1141 auxiliis
451 1090 546 1160 atque
569 1076 653 1141 oanni
676 1079 761 1158 pube
784 1075 904 1140 Latina
936 1110 943 1114 ·

123 1181 289 1244 Sufficiunt
311 1181 369 1244 Dis
391 1179 524 1242 infernis
548 1183 734 1264 'l'erraeque
756 1177 904 1262 parenti;
964 1217 965 1226 κ

121 1281 232 1348 Pluris
255 1283 335 1345 enim
357 1281 473 1356 Decii,
498 1303 591 1366 quain
615 1303 696 1364 quae
720 1293 888 1344 servantur
910 1282 949 1342 sb
972 1280 1046 1344 illis.
1091 1273 1093 1278 ¹

122 1384 252 1450 Ancilla
278 1395 366 1446 natus
389 1385 530 1446 trabeam
555 1393 585 1446 et
608 1383 747 1446 diadema
772 1381 898 1463 Quirini

122 1489 169 1551 Et
190 1487 294 1549 fasces
317 1485 450 1560 meruit,
475 1507 587 1568 regum
612 1484 737 1548 ultimus
758 1482 812 1546 ille
835 1486 1010 1548 bonorum.
1182 1487 1245 1550 260

26 1598 30 1604 “
122 1587 262 1653 Prodita
284 1590 434 1650 laxabant
457 1600 620 1668 portarurn
644 1589 782 1650 claustra
806 1586 946 1666 tyrannis

122 1691 298 1754 Exsulibus
321 1690 450 1752 iuvenes
473 1688 572 1770 ipsius
596 1689 735 1752 considis
759 1700 790 1752 ct
812 1708 894 1771 qttos

123 1793 282 1875 Magnum
305 1792 425 1874 aliquid
446 1792 540 1854 dvtbia
563 1813 625 1872 pro
648 1793 797 1856 libertate
822 1791 967 1866 deceret,

123 1894 222 1972 Qtiod
245 1891 410 1954 miraretur
432 1914 503 1955 cum
528 1892 654 1957 Coclite
678 1893 806 1957 Illucius
823 1903 860 1955 ct
883 1915 962 1975 qliae

122 1994 257 2075 Imperii
279 1995 379 2070 fines,
406 1996 612 2072 Tiberinum,
638 1995 733 2078 virgo
756 1993 890 2057 natavit.

69 2137 71 2140 -
126 2097 263 2160 Occulta
287 2099 325 2158 ad
349 2098 464 2160 Patres
487 2097 597 2160 eduxit
619 2097 747 2159 crimina
771 2119 884 2160 servus

122 2197 287 2262 Matrouis
309 2197 485 2281 lugendus:
510 2211 541 2259 at
563 2199 636 2262 illos
660 2202 794 2262 verbera
817 2198 906 2262 iustis

124 2300 282 2363 Afficiunt
304 2300 417 2383 poenis
442 2313 473 2363 et
494 2301 599 2384 legum
623 2301 725 2382 prima
748 2301 881 2364 securis.

166 2403 262 2465 Malo
284 2413 378 2483 pater.
398 2401 454 2463 tibi
477 2402 517 2464 sit
541 2402 729 2480 'l'lrersites,
754 2405 926 2467 dununodo
950 2403 1049 2467 tusis
1126 2455 1130 2465 .
1177 2449 1185 2469 ·,

124 2501 287 2566 Aeacidae
310 2502 417 2565 similis
441 2501 663 2588 Volcaniaque
686 2527 771 2567 arma
796 2527 959 2587 capessas,
1183 2507 1246 2570 270

70 2659 74 2664 .
126 2605 230 2682 Quam
252 2616 283 2668 te
306 2605 472 2677 Thersitae
495 2605 626 2668 similem
649 2611 806 2689 producat
830 2607 988 2671 Achilles.

125 2706 169 2770 Et
192 2718 313 2782 tamen,
339 2719 374 2769 ut
395 2708 491 2792 longe
513 2719 640 2790 repetas
663 2711 824 2793 longeque
847 2712 997 2775 revolvas

125 2809 273 2885 Nomen,
297 2805 338 2873 ab
360 2808 467 2873 infami
490 2822 615 2894 gentem
639 2811 765 2875 deducis
789 2813 878 2892 asylo

124 3035 182 3080 lecit
199 3035 314 3082 Cicero.”
360 3037 484 3084 Ridiculae
508 3044 564 3083 sunt
588 3039 701 3084 lectiones
732 3041 814 3086 schol.
843 3047 1005 3088 meinoratae:
1038 3049 1133 3097 ments,
1159 3049 1244 3100 ponte.

126 3101 191 3148 2⁴1:
206 3103 248 3164 ac]
274 3105 413 3151 ABCDEG.
433 3113 457 3152 et
473 3109 502 3156 F.
521 3110 609 3167 Vulgo.
629 3108 727 3153 Leucoe
744 3124 800 3165 opp.
821 3110 955 3156 Leucadiae
974 3115 1110 3167 peninsulae
1131 3110 1179 3158 240
1198 3119 1248 3157 sta.

124 3175 163 3218 dia
182 3175 286 3218 distabat
310 3176 340 3220 ab
369 3175 450 3228 Aetio.
497 3175 556 3223 245.
576 3181 593 3222 i.
615 3193 637 3222 e.
656 3178 760 3225 Marius.
777 3178 900 3236 Arpinum
920 3182 941 3223 in
968 3183 1063 3226 Volscis
1087 3184 1158 3225 situm
1183 3187 1244 3227 arat.

125 3240 186 3288 tlt.
209 3241 292 3302 ritem]
319 3245 361 3299 „A
380 3247 518 3292 centurione
539 3248 669 3301 vapulando
697 3262 741 3292 sno
768 3250 859 3293 vertice
880 3250 957 3308 frangi
988 3252 1121 3305 patiebatur
1152 3252 1246 3295 Marius

124 3313 213 3366 vitem,
233 3327 305 3369 quum
322 3315 463 3363 militabat.”
480 3317 560 3360 Schol.
585 3312 657 3362 ¹253.
679 3319 709 3374 Q.
729 3318 838 3362 Lutatius
863 3318 972 3362 Cattelas.
1011 3309 1114 3368 t5t.'v.
1135 3320 1188 3364 Liv.
1210 3319 1245 3374 8,

124 3379 151 3426 9.
174 3378 216 3435 1⁰,
236 3379 279 3426 28.
299 3383 350 3428 Cic.
371 3383 444 3429 Tusc.
468 3386 491 3437 l,
513 3383 556 3430 37.
574 3386 628 3430 Flu.
650 3383 674 3440 2,
696 3385 738 3432 19.
759 3385 819 3432 256.
833 3385 910 3444 pube]
929 3389 1024 3434 act'u.
1039 3413 1069 3422 -
1082 3388 1153 3446 plebe
1171 3389 1243 3432 BDE.

124 3447 185 3496 258.
205 3463 280 3510 quom
298 3452 403 3510 quinon
425 3455 486 3499 male
511 3455 646 3500 ABCDEF.
666 3477 703 3491 -
721 3471 783 3514 pisas
801 3463 880 3500 tarrren
898 3457 970 3500 babet
988 3457 1019 3502 G.
1038 3463 1062 3501 et
1078 3457 1188 3500 habuisse
1208 3459 1247 3499 vi-

124 3520 194 3564 detur
213 3521 295 3564 Schol.
313 3522 422 3580 sangall.
443 3525 475 3567 ita
492 3527 680 3578 interpretatus:
700 3527 777 3580 „Plus
798 3525 877 3570 meriti
897 3525 1124 3579 habentus-(liabent
1136 3523 1159 3581 l)
1177 3521 1246 3568 Decii

123 3590 185 3644 apud
205 3589 284 3642 deos,
311 3592 366 3634 duan
388 3593 410 3636 bi
438 3607 465 3638 se
493 3595 632 3648 propatula
654 3600 784 3648 voverunt,
817 3608 886 3651 qnam
911 3595 982 3637 babet
1006 3597 1056 3649 ipsa
1081 3596 1157 3649 patria
1184 3595 1246 3648 apati

123 3659 184 3702 deos
202 3659 298 3714 meriti,
323 3673 383 3718 quae
402 3667 497 3707 servula
516 3663 577 3706 est.’'
623 3661 673 3710 260
703 3665 801 3707 Servius
820 3665 914 3707 'Pullius
935 3677 964 3708 ex
983 3663 1096 3715 Ocrisla,
1129 3663 1246 3706 Cornice-

122 3728 178 3770 lsua
196 3729 302 3783 captiva,
323 3735 401 3774 natus.
439 3729 498 3776 266.
520 3729 666 3786 Vindicius,
687 3747 708 3778 s.
729 3731 829 3776 Vindex
846 3747 870 3777 v.
890 3733 944 3776 Liv.
964 3731 998 3788 2,
1020 3729 1043 3777 5.
1081 3731 1118 3774 lb.
1146 3726 1246 3789 eduxit]

122 3809 208 3840 omnes
228 3802 319 3850 sentem
338 3801 384 3844 snei
403 3815 456 3845 cum
474 3801 556 3844 ruultis
577 3801 651 3857 aliis;
671 3803 742 3859 idque
760 3815 843 3846 rerum
865 3803 986 3845 existimo.
1011 3802 1127 3844 Similiter
1142 3798 1247 3844 eductus

122 3863 158 3910 ccl
174 3868 293 3910 consules
311 3881 349 3922 ap.
380 3869 431 3913 Cic.
458 3883 501 3924 pro
528 3871 629 3913 Plancio
648 3867 691 3914 23.
711 3876 849 3925 corruptum
867 3871 912 3914 fuit
936 3871 958 3913 in
978 3869 1116 3922 adductus,
1143 3869 1206 3912 utb.
1228 3870 1245 3916 l.

122 3935 241 3978 editiones
263 3942 361 3992 occupat
384 3937 519 3994 produxit·
545 3939 621 3982 Codd.
644 3938 668 3983 2.
689 3939 826 3991 conduxit,
856 3953 915 3982 uirus
937 3938 1054 3982 dedissit.
1107 3934 1166 3981 268.
1187 3937 1247 3999 Affi-

121 4004 193 4047 ciunt
219 4005 303 4064 legum
324 4008 414 4064 poenis
432 4013 455 4051 st
471 4008 556 4064 primu
574 4009 690 4068 securieg
723 4009 831 4063 Rupertii
856 4009 961 4063 suspicio
979 4008 1105 4050 admodmn
1125 4008 1246 4066 languidae

121 4073 202 4128 „Quia
227 4075 318 4128 primas
340 4077 421 4120 consul
450 4078 538 4120 Brutus
557 4091 655 4122 secures
676 4078 794 4132 accepit.”
821 4078 903 4120 Schol.
925 4121 930 4134 ‚
953 4075 997 4119 Est
1015 4078 1106 4134 igitur,
1134 4081 1158 4120 ut
1183 4081 1247 4121 recte

120 4141 208 4199 Pinzg.
229 4143 369 4187 senteutiam
388 4146 527 4198 declaravit,
542 4149 725 4191 construendum
738 4161 795 4200 uon,
815 4150 841 4190 ut
859 4159 903 4203 ego
919 4146 1044 4199 aliquando
1058 4146 1119 4188 falso
1133 4146 1246 4196 feceram,

120 4211 222 4254 securis
237 4211 324 4268 primu
342 4214 426 4274 legum
445 4215 462 4258 i.
483 4229 505 4260 e.
526 4228 618 4258 sunum
635 4217 768 4269 severitas,
787 4215 929 4270 sarpptieiuru
949 4215 1055 4258 sontium
1071 4215 1191 4268 imperans
1209 4226 1248 4256 ce·

121 4284 232 4338 terasque
263 4281 343 4339 legas,
374 4288 492 4341 turriquam
513 4285 604 4340 priene,
624 4298 668 4329 suo
688 4290 782 4333 terrore
802 4285 937 4340 sustinens;
963 4285 1020 4329 sed:
1036 4284 1124 4341 primu
1149 4279 1248 4325 secteris
